%YAML 1.1
%TAG !u! tag:unity3d.com,2011:
--- !u!1 &79111505284130713
GameObject:
  m_ObjectHideFlags: 0
  m_CorrespondingSourceObject: {fileID: 0}
  m_PrefabInstance: {fileID: 0}
  m_PrefabAsset: {fileID: 0}
  serializedVersion: 6
  m_Component:
  - component: {fileID: 7568411743562957567}
  m_Layer: 0
  m_Name: Macrophage_v4_rigV2:topShell
  m_TagString: Untagged
  m_Icon: {fileID: 0}
  m_NavMeshLayer: 0
  m_StaticEditorFlags: 0
  m_IsActive: 1
--- !u!4 &7568411743562957567
Transform:
  m_ObjectHideFlags: 0
  m_CorrespondingSourceObject: {fileID: 0}
  m_PrefabInstance: {fileID: 0}
  m_PrefabAsset: {fileID: 0}
  m_GameObject: {fileID: 79111505284130713}
  m_LocalRotation: {x: 0, y: -0, z: -0, w: 1}
  m_LocalPosition: {x: 0.012409432, y: 0.48368582, z: 0.0020777208}
  m_LocalScale: {x: 1, y: 1, z: 1}
  m_Children:
  - {fileID: 4810740469980125259}
  - {fileID: 8951187388357313127}
  - {fileID: 5267149748234411304}
  - {fileID: 7584258004821298873}
  - {fileID: 4110234827614455272}
  m_Father: {fileID: 6186918569188913459}
  m_RootOrder: 3
  m_LocalEulerAnglesHint: {x: 0, y: 0, z: 0}
--- !u!1 &320745440722114828
GameObject:
  m_ObjectHideFlags: 0
  m_CorrespondingSourceObject: {fileID: 0}
  m_PrefabInstance: {fileID: 0}
  m_PrefabAsset: {fileID: 0}
  serializedVersion: 6
  m_Component:
  - component: {fileID: 3232918894130425967}
  m_Layer: 0
  m_Name: Macrophage_v4_rigV2:joint21
  m_TagString: Untagged
  m_Icon: {fileID: 0}
  m_NavMeshLayer: 0
  m_StaticEditorFlags: 0
  m_IsActive: 1
--- !u!4 &3232918894130425967
Transform:
  m_ObjectHideFlags: 0
  m_CorrespondingSourceObject: {fileID: 0}
  m_PrefabInstance: {fileID: 0}
  m_PrefabAsset: {fileID: 0}
  m_GameObject: {fileID: 320745440722114828}
  m_LocalRotation: {x: 0.09954889, y: 0.80976063, z: 0.070557155, w: 0.5739333}
  m_LocalPosition: {x: -0.031043818, y: -0.013731668, z: 0.18812522}
  m_LocalScale: {x: 1, y: 1, z: 1}
  m_Children:
  - {fileID: 323313905034456886}
  m_Father: {fileID: 9099594285345084285}
  m_RootOrder: 2
  m_LocalEulerAnglesHint: {x: 0, y: 0, z: 0}
--- !u!1 &740778887062868516
GameObject:
  m_ObjectHideFlags: 0
  m_CorrespondingSourceObject: {fileID: 0}
  m_PrefabInstance: {fileID: 0}
  m_PrefabAsset: {fileID: 0}
  serializedVersion: 6
  m_Component:
  - component: {fileID: 9099594285345084285}
  m_Layer: 0
  m_Name: Macrophage_v4_rigV2:L_Shell
  m_TagString: Untagged
  m_Icon: {fileID: 0}
  m_NavMeshLayer: 0
  m_StaticEditorFlags: 0
  m_IsActive: 1
--- !u!4 &9099594285345084285
Transform:
  m_ObjectHideFlags: 0
  m_CorrespondingSourceObject: {fileID: 0}
  m_PrefabInstance: {fileID: 0}
  m_PrefabAsset: {fileID: 0}
  m_GameObject: {fileID: 740778887062868516}
  m_LocalRotation: {x: 0, y: -0, z: -0, w: 1}
  m_LocalPosition: {x: 0.50418866, y: -0.08778366, z: -0.003853418}
  m_LocalScale: {x: 1, y: 1, z: 1}
  m_Children:
  - {fileID: 2245111081745713364}
  - {fileID: 1002597968499088986}
  - {fileID: 3232918894130425967}
  - {fileID: 6264160898407736076}
  - {fileID: 4865906987404249550}
  m_Father: {fileID: 6186918569188913459}
  m_RootOrder: 0
  m_LocalEulerAnglesHint: {x: 0, y: 0, z: 0}
--- !u!1 &933581176883423487
GameObject:
  m_ObjectHideFlags: 0
  m_CorrespondingSourceObject: {fileID: 0}
  m_PrefabInstance: {fileID: 0}
  m_PrefabAsset: {fileID: 0}
  serializedVersion: 6
  m_Component:
  - component: {fileID: 8997056672725387294}
  m_Layer: 0
  m_Name: Macrophage_v4_rigV2:joint31
  m_TagString: Untagged
  m_Icon: {fileID: 0}
  m_NavMeshLayer: 0
  m_StaticEditorFlags: 0
  m_IsActive: 1
--- !u!4 &8997056672725387294
Transform:
  m_ObjectHideFlags: 0
  m_CorrespondingSourceObject: {fileID: 0}
  m_PrefabInstance: {fileID: 0}
  m_PrefabAsset: {fileID: 0}
  m_GameObject: {fileID: 933581176883423487}
  m_LocalRotation: {x: -0.41099748, y: -0.5753965, z: -0.41099748, w: 0.5753965}
  m_LocalPosition: {x: -0.1242413, y: 4.440892e-18, z: -4.9303805e-34}
  m_LocalScale: {x: 1, y: 1, z: 1}
  m_Children: []
  m_Father: {fileID: 6404840958076006281}
  m_RootOrder: 0
  m_LocalEulerAnglesHint: {x: 0, y: 0, z: 0}
--- !u!1 &962031810955032878
GameObject:
  m_ObjectHideFlags: 0
  m_CorrespondingSourceObject: {fileID: 0}
  m_PrefabInstance: {fileID: 0}
  m_PrefabAsset: {fileID: 0}
  serializedVersion: 6
  m_Component:
  - component: {fileID: 7915688016221213471}
  m_Layer: 0
  m_Name: Macrophage_v4_rigV2:nuc_surface_right
  m_TagString: Untagged
  m_Icon: {fileID: 0}
  m_NavMeshLayer: 0
  m_StaticEditorFlags: 0
  m_IsActive: 1
--- !u!4 &7915688016221213471
Transform:
  m_ObjectHideFlags: 0
  m_CorrespondingSourceObject: {fileID: 0}
  m_PrefabInstance: {fileID: 0}
  m_PrefabAsset: {fileID: 0}
  m_GameObject: {fileID: 962031810955032878}
  m_LocalRotation: {x: 9.010781e-11, y: -1.2599047e-11, z: -1.6903638e-11, w: 1}
  m_LocalPosition: {x: -0.17585357, y: -0.097489364, z: 0.02551399}
  m_LocalScale: {x: 1, y: 1, z: 1}
  m_Children: []
  m_Father: {fileID: 7691290283060765020}
  m_RootOrder: 1
  m_LocalEulerAnglesHint: {x: 0, y: 0, z: 0}
--- !u!1 &1194358540981803033
GameObject:
  m_ObjectHideFlags: 0
  m_CorrespondingSourceObject: {fileID: 0}
  m_PrefabInstance: {fileID: 0}
  m_PrefabAsset: {fileID: 0}
  serializedVersion: 6
  m_Component:
  - component: {fileID: 422977053358037644}
  m_Layer: 0
  m_Name: Macrophage_v4_rigV2:joint12
  m_TagString: Untagged
  m_Icon: {fileID: 0}
  m_NavMeshLayer: 0
  m_StaticEditorFlags: 0
  m_IsActive: 1
--- !u!4 &422977053358037644
Transform:
  m_ObjectHideFlags: 0
  m_CorrespondingSourceObject: {fileID: 0}
  m_PrefabInstance: {fileID: 0}
  m_PrefabAsset: {fileID: 0}
  m_GameObject: {fileID: 1194358540981803033}
  m_LocalRotation: {x: 0.049138207, y: 0.70539737, z: -0.049138207, w: 0.70539737}
  m_LocalPosition: {x: -0.1307221, y: 4.440892e-18, z: 2.9624134e-17}
  m_LocalScale: {x: 1, y: 1, z: 1}
  m_Children: []
  m_Father: {fileID: 481714199234798159}
  m_RootOrder: 0
  m_LocalEulerAnglesHint: {x: 0, y: 0, z: 0}
--- !u!1 &1373136811752247582
GameObject:
  m_ObjectHideFlags: 0
  m_CorrespondingSourceObject: {fileID: 0}
  m_PrefabInstance: {fileID: 0}
  m_PrefabAsset: {fileID: 0}
  serializedVersion: 6
  m_Component:
  - component: {fileID: 4810740469980125259}
  m_Layer: 0
  m_Name: Macrophage_v4_rigV2:joint4
  m_TagString: Untagged
  m_Icon: {fileID: 0}
  m_NavMeshLayer: 0
  m_StaticEditorFlags: 0
  m_IsActive: 1
--- !u!4 &4810740469980125259
Transform:
  m_ObjectHideFlags: 0
  m_CorrespondingSourceObject: {fileID: 0}
  m_PrefabInstance: {fileID: 0}
  m_PrefabAsset: {fileID: 0}
  m_GameObject: {fileID: 1373136811752247582}
  m_LocalRotation: {x: 0.03943722, y: -0.7567395, z: -0.045849033, w: 0.6509132}
  m_LocalPosition: {x: 0.1506074, y: -0.14578524, z: -0.40920684}
  m_LocalScale: {x: 1, y: 1, z: 1}
  m_Children:
  - {fileID: 221714803612566602}
  m_Father: {fileID: 7568411743562957567}
  m_RootOrder: 0
  m_LocalEulerAnglesHint: {x: 0, y: 0, z: 0}
--- !u!1 &1403586176049588600
GameObject:
  m_ObjectHideFlags: 0
  m_CorrespondingSourceObject: {fileID: 0}
  m_PrefabInstance: {fileID: 0}
  m_PrefabAsset: {fileID: 0}
  serializedVersion: 6
  m_Component:
  - component: {fileID: 8951187388357313127}
  m_Layer: 0
  m_Name: Macrophage_v4_rigV2:joint13
  m_TagString: Untagged
  m_Icon: {fileID: 0}
  m_NavMeshLayer: 0
  m_StaticEditorFlags: 0
  m_IsActive: 1
--- !u!4 &8951187388357313127
Transform:
  m_ObjectHideFlags: 0
  m_CorrespondingSourceObject: {fileID: 0}
  m_PrefabInstance: {fileID: 0}
  m_PrefabAsset: {fileID: 0}
  m_GameObject: {fileID: 1403586176049588600}
  m_LocalRotation: {x: -0.089463934, y: 0.5366246, z: -0.05735085, w: 0.83710283}
  m_LocalPosition: {x: -0.17821, y: -0.089633584, z: 0.2648015}
  m_LocalScale: {x: 1, y: 1, z: 1}
  m_Children:
  - {fileID: 7142705646932326127}
  m_Father: {fileID: 7568411743562957567}
  m_RootOrder: 1
  m_LocalEulerAnglesHint: {x: 0, y: 0, z: 0}
--- !u!1 &1876931847154790568
GameObject:
  m_ObjectHideFlags: 0
  m_CorrespondingSourceObject: {fileID: 0}
  m_PrefabInstance: {fileID: 0}
  m_PrefabAsset: {fileID: 0}
  serializedVersion: 6
  m_Component:
  - component: {fileID: 2464730474689645010}
  m_Layer: 0
  m_Name: Macrophage_v4_rigV2:joint8
  m_TagString: Untagged
  m_Icon: {fileID: 0}
  m_NavMeshLayer: 0
  m_StaticEditorFlags: 0
  m_IsActive: 1
--- !u!4 &2464730474689645010
Transform:
  m_ObjectHideFlags: 0
  m_CorrespondingSourceObject: {fileID: 0}
  m_PrefabInstance: {fileID: 0}
  m_PrefabAsset: {fileID: 0}
  m_GameObject: {fileID: 1876931847154790568}
  m_LocalRotation: {x: -0.047407087, y: -0.27891618, z: -0.1607198, w: 0.94558316}
  m_LocalPosition: {x: -0.019123742, y: 0.20673254, z: -0.08947665}
  m_LocalScale: {x: 1, y: 1, z: 1}
  m_Children:
  - {fileID: 1800113539648257172}
  m_Father: {fileID: 6188832644456503647}
  m_RootOrder: 0
  m_LocalEulerAnglesHint: {x: 0, y: 0, z: 0}
--- !u!1 &1991871819715910687
GameObject:
  m_ObjectHideFlags: 0
  m_CorrespondingSourceObject: {fileID: 0}
  m_PrefabInstance: {fileID: 0}
  m_PrefabAsset: {fileID: 0}
  serializedVersion: 6
  m_Component:
  - component: {fileID: 6264160898407736076}
  m_Layer: 0
  m_Name: Macrophage_v4_rigV2:joint24
  m_TagString: Untagged
  m_Icon: {fileID: 0}
  m_NavMeshLayer: 0
  m_StaticEditorFlags: 0
  m_IsActive: 1
--- !u!4 &6264160898407736076
Transform:
  m_ObjectHideFlags: 0
  m_CorrespondingSourceObject: {fileID: 0}
  m_PrefabInstance: {fileID: 0}
  m_PrefabAsset: {fileID: 0}
  m_GameObject: {fileID: 1991871819715910687}
  m_LocalRotation: {x: -0.112827025, y: 0.9850351, z: -0.014826755, w: 0.1294451}
  m_LocalPosition: {x: -0.00084505044, y: 0.23218144, z: 0.15507214}
  m_LocalScale: {x: 1, y: 1, z: 1}
  m_Children:
  - {fileID: 7733165180529527915}
  m_Father: {fileID: 9099594285345084285}
  m_RootOrder: 3
  m_LocalEulerAnglesHint: {x: 0, y: 0, z: 0}
--- !u!1 &2342437112566308505
GameObject:
  m_ObjectHideFlags: 0
  m_CorrespondingSourceObject: {fileID: 0}
  m_PrefabInstance: {fileID: 0}
  m_PrefabAsset: {fileID: 0}
  serializedVersion: 6
  m_Component:
  - component: {fileID: 4843873153627781018}
  m_Layer: 0
  m_Name: Macrophage_v4_rigV2:joint3
  m_TagString: Untagged
  m_Icon: {fileID: 0}
  m_NavMeshLayer: 0
  m_StaticEditorFlags: 0
  m_IsActive: 1
--- !u!4 &4843873153627781018
Transform:
  m_ObjectHideFlags: 0
  m_CorrespondingSourceObject: {fileID: 0}
  m_PrefabInstance: {fileID: 0}
  m_PrefabAsset: {fileID: 0}
  m_GameObject: {fileID: 2342437112566308505}
  m_LocalRotation: {x: 0.1177956, y: 0.6972261, z: -0.1177956, w: 0.6972261}
  m_LocalPosition: {x: -0.1864437, y: -9.7699626e-17, z: 0}
  m_LocalScale: {x: 1, y: 1, z: 1}
  m_Children: []
  m_Father: {fileID: 4930172408863471353}
  m_RootOrder: 0
  m_LocalEulerAnglesHint: {x: 0, y: 0, z: 0}
--- !u!1 &2510771518612873975
GameObject:
  m_ObjectHideFlags: 0
  m_CorrespondingSourceObject: {fileID: 0}
  m_PrefabInstance: {fileID: 0}
  m_PrefabAsset: {fileID: 0}
  serializedVersion: 6
  m_Component:
  - component: {fileID: 6186918569188913459}
  m_Layer: 0
  m_Name: Root_joint
  m_TagString: Untagged
  m_Icon: {fileID: 0}
  m_NavMeshLayer: 0
  m_StaticEditorFlags: 0
  m_IsActive: 1
--- !u!4 &6186918569188913459
Transform:
  m_ObjectHideFlags: 0
  m_CorrespondingSourceObject: {fileID: 0}
  m_PrefabInstance: {fileID: 0}
  m_PrefabAsset: {fileID: 0}
  m_GameObject: {fileID: 2510771518612873975}
  m_LocalRotation: {x: 7.981818e-12, y: 3.4843423e-11, z: 3.2132238e-11, w: 1}
  m_LocalPosition: {x: -0.030786773, y: -0.023991227, z: -0.06373489}
  m_LocalScale: {x: 1, y: 1, z: 1}
  m_Children:
  - {fileID: 9099594285345084285}
  - {fileID: 7691290283060765020}
  - {fileID: 6188832644456503647}
  - {fileID: 7568411743562957567}
  m_Father: {fileID: 4540763762444227569}
  m_RootOrder: 1
  m_LocalEulerAnglesHint: {x: 0, y: 0, z: 0}
--- !u!1 &2591445262032198877
GameObject:
  m_ObjectHideFlags: 0
  m_CorrespondingSourceObject: {fileID: 0}
  m_PrefabInstance: {fileID: 0}
  m_PrefabAsset: {fileID: 0}
  serializedVersion: 6
  m_Component:
  - component: {fileID: 2245111081745713364}
  m_Layer: 0
  m_Name: Macrophage_v4_rigV2:joint1
  m_TagString: Untagged
  m_Icon: {fileID: 0}
  m_NavMeshLayer: 0
  m_StaticEditorFlags: 0
  m_IsActive: 1
--- !u!4 &2245111081745713364
Transform:
  m_ObjectHideFlags: 0
  m_CorrespondingSourceObject: {fileID: 0}
  m_PrefabInstance: {fileID: 0}
  m_PrefabAsset: {fileID: 0}
  m_GameObject: {fileID: 2591445262032198877}
  m_LocalRotation: {x: -0.22594611, y: -0.7508512, z: 0.17883569, w: 0.59429663}
  m_LocalPosition: {x: -0.15298471, y: -0.29473746, z: -0.20421125}
  m_LocalScale: {x: 1, y: 1, z: 1}
  m_Children:
  - {fileID: 4930172408863471353}
  m_Father: {fileID: 9099594285345084285}
  m_RootOrder: 0
  m_LocalEulerAnglesHint: {x: 0, y: 0, z: 0}
--- !u!1 &2593717826228651499
GameObject:
  m_ObjectHideFlags: 0
  m_CorrespondingSourceObject: {fileID: 0}
  m_PrefabInstance: {fileID: 0}
  m_PrefabAsset: {fileID: 0}
  serializedVersion: 6
  m_Component:
  - component: {fileID: 4930172408863471353}
  m_Layer: 0
  m_Name: Macrophage_v4_rigV2:joint2
  m_TagString: Untagged
  m_Icon: {fileID: 0}
  m_NavMeshLayer: 0
  m_StaticEditorFlags: 0
  m_IsActive: 1
--- !u!4 &4930172408863471353
Transform:
  m_ObjectHideFlags: 0
  m_CorrespondingSourceObject: {fileID: 0}
  m_PrefabInstance: {fileID: 0}
  m_PrefabAsset: {fileID: 0}
  m_GameObject: {fileID: 2593717826228651499}
  m_LocalRotation: {x: 4.2095823e-11, y: -5.140835e-12, z: -0.12460747, w: 0.99220616}
  m_LocalPosition: {x: -0.20027572, y: 0.011827118, z: 1.4033545e-18}
  m_LocalScale: {x: 1, y: 1, z: 1}
  m_Children:
  - {fileID: 4843873153627781018}
  m_Father: {fileID: 2245111081745713364}
  m_RootOrder: 0
  m_LocalEulerAnglesHint: {x: 0, y: 0, z: 0}
--- !u!1 &2626908374515601311
GameObject:
  m_ObjectHideFlags: 0
  m_CorrespondingSourceObject: {fileID: 0}
  m_PrefabInstance: {fileID: 0}
  m_PrefabAsset: {fileID: 0}
  serializedVersion: 6
  m_Component:
  - component: {fileID: 7781135794318906436}
  m_Layer: 0
  m_Name: Macrophage_v4_rigV2:joint20
  m_TagString: Untagged
  m_Icon: {fileID: 0}
  m_NavMeshLayer: 0
  m_StaticEditorFlags: 0
  m_IsActive: 1
--- !u!4 &7781135794318906436
Transform:
  m_ObjectHideFlags: 0
  m_CorrespondingSourceObject: {fileID: 0}
  m_PrefabInstance: {fileID: 0}
  m_PrefabAsset: {fileID: 0}
  m_GameObject: {fileID: 2626908374515601311}
  m_LocalRotation: {x: -3.6238307e-18, y: -0.7360782, z: 3.6238307e-18, w: 0.6768965}
  m_LocalPosition: {x: -0.28138924, y: 0, z: -1.9984014e-16}
  m_LocalScale: {x: 1, y: 1, z: 1}
  m_Children: []
  m_Father: {fileID: 4110234827614455272}
  m_RootOrder: 0
  m_LocalEulerAnglesHint: {x: 0, y: 0, z: 0}
--- !u!1 &2702096815101288094
GameObject:
  m_ObjectHideFlags: 0
  m_CorrespondingSourceObject: {fileID: 0}
  m_PrefabInstance: {fileID: 0}
  m_PrefabAsset: {fileID: 0}
  serializedVersion: 6
  m_Component:
  - component: {fileID: 4110234827614455272}
  m_Layer: 0
  m_Name: Macrophage_v4_rigV2:joint19
  m_TagString: Untagged
  m_Icon: {fileID: 0}
  m_NavMeshLayer: 0
  m_StaticEditorFlags: 0
  m_IsActive: 1
--- !u!4 &4110234827614455272
Transform:
  m_ObjectHideFlags: 0
  m_CorrespondingSourceObject: {fileID: 0}
  m_PrefabInstance: {fileID: 0}
  m_PrefabAsset: {fileID: 0}
  m_GameObject: {fileID: 2702096815101288094}
  m_LocalRotation: {x: -0.19921708, y: 0.85974437, z: -0.1979775, w: 0.42656437}
  m_LocalPosition: {x: 0.15883984, y: -0.07680975, z: 0.2665113}
  m_LocalScale: {x: 1, y: 1, z: 1}
  m_Children:
  - {fileID: 7781135794318906436}
  m_Father: {fileID: 7568411743562957567}
  m_RootOrder: 4
  m_LocalEulerAnglesHint: {x: 0, y: 0, z: 0}
--- !u!1 &2750533115053624970
GameObject:
  m_ObjectHideFlags: 0
  m_CorrespondingSourceObject: {fileID: 0}
  m_PrefabInstance: {fileID: 0}
  m_PrefabAsset: {fileID: 0}
  serializedVersion: 6
  m_Component:
  - component: {fileID: 6888978700805876979}
  m_Layer: 0
  m_Name: Macrophage_v4_rigV2:joint29
  m_TagString: Untagged
  m_Icon: {fileID: 0}
  m_NavMeshLayer: 0
  m_StaticEditorFlags: 0
  m_IsActive: 1
--- !u!4 &6888978700805876979
Transform:
  m_ObjectHideFlags: 0
  m_CorrespondingSourceObject: {fileID: 0}
  m_PrefabInstance: {fileID: 0}
  m_PrefabAsset: {fileID: 0}
  m_GameObject: {fileID: 2750533115053624970}
  m_LocalRotation: {x: -0.1791818, y: -0.6840277, z: -0.1791818, w: 0.6840277}
  m_LocalPosition: {x: -0.22343789, y: 3.5527136e-17, z: 0}
  m_LocalScale: {x: 1, y: 1, z: 1}
  m_Children: []
  m_Father: {fileID: 5188839212512942045}
  m_RootOrder: 0
  m_LocalEulerAnglesHint: {x: 0, y: 0, z: 0}
--- !u!1 &2765964187815127569
GameObject:
  m_ObjectHideFlags: 0
  m_CorrespondingSourceObject: {fileID: 0}
  m_PrefabInstance: {fileID: 0}
  m_PrefabAsset: {fileID: 0}
  serializedVersion: 6
  m_Component:
  - component: {fileID: 1427960600805127801}
  - component: {fileID: 7932839599831394422}
  m_Layer: 0
  m_Name: macrophage_shell
  m_TagString: Untagged
  m_Icon: {fileID: 0}
  m_NavMeshLayer: 0
  m_StaticEditorFlags: 0
  m_IsActive: 1
--- !u!4 &1427960600805127801
Transform:
  m_ObjectHideFlags: 0
  m_CorrespondingSourceObject: {fileID: 0}
  m_PrefabInstance: {fileID: 0}
  m_PrefabAsset: {fileID: 0}
  m_GameObject: {fileID: 2765964187815127569}
  m_LocalRotation: {x: 0, y: -0, z: -0, w: 1}
  m_LocalPosition: {x: -0.0029904025, y: 0.013693428, z: 0}
  m_LocalScale: {x: 1, y: 1, z: 1}
  m_Children: []
  m_Father: {fileID: 1378068029606801325}
  m_RootOrder: 0
  m_LocalEulerAnglesHint: {x: 0, y: 0, z: 0}
--- !u!137 &7932839599831394422
SkinnedMeshRenderer:
  m_ObjectHideFlags: 0
  m_CorrespondingSourceObject: {fileID: 0}
  m_PrefabInstance: {fileID: 0}
  m_PrefabAsset: {fileID: 0}
  m_GameObject: {fileID: 2765964187815127569}
  m_Enabled: 1
  m_CastShadows: 1
  m_ReceiveShadows: 1
  m_DynamicOccludee: 1
  m_MotionVectors: 1
  m_LightProbeUsage: 1
  m_ReflectionProbeUsage: 1
  m_RayTracingMode: 0
  m_RenderingLayerMask: 1
  m_RendererPriority: 0
  m_Materials:
  - {fileID: 5561349426305759274, guid: 69f98bbdcfac91344bc9df6fb2795fa6, type: 3}
  m_StaticBatchInfo:
    firstSubMesh: 0
    subMeshCount: 0
  m_StaticBatchRoot: {fileID: 0}
  m_ProbeAnchor: {fileID: 0}
  m_LightProbeVolumeOverride: {fileID: 0}
  m_ScaleInLightmap: 1
  m_ReceiveGI: 1
  m_PreserveUVs: 0
  m_IgnoreNormalsForChartDetection: 0
  m_ImportantGI: 0
  m_StitchLightmapSeams: 1
  m_SelectedEditorRenderState: 3
  m_MinimumChartSize: 4
  m_AutoUVMaxDistance: 0.5
  m_AutoUVMaxAngle: 89
  m_LightmapParameters: {fileID: 0}
  m_SortingLayerID: 0
  m_SortingLayer: 0
  m_SortingOrder: 0
  serializedVersion: 2
  m_Quality: 0
  m_UpdateWhenOffscreen: 0
  m_SkinnedMotionVectors: 1
  m_Mesh: {fileID: 3598070681793061381, guid: 69f98bbdcfac91344bc9df6fb2795fa6, type: 3}
  m_Bones:
  - {fileID: 6186918569188913459}
  - {fileID: 6188832644456503647}
  - {fileID: 5188839212512942045}
  - {fileID: 6888978700805876979}
  - {fileID: 6404840958076006281}
  - {fileID: 8997056672725387294}
  - {fileID: 2464730474689645010}
  - {fileID: 1800113539648257172}
  - {fileID: 5809542222711113955}
  - {fileID: 481714199234798159}
  - {fileID: 422977053358037644}
  - {fileID: 9099594285345084285}
  - {fileID: 3232918894130425967}
  - {fileID: 323313905034456886}
  - {fileID: 8971545537140578762}
  - {fileID: 1002597968499088986}
  - {fileID: 1557668270808435042}
  - {fileID: 2245111081745713364}
  - {fileID: 4930172408863471353}
  - {fileID: 4843873153627781018}
  - {fileID: 4865906987404249550}
  - {fileID: 6354877695171525846}
  - {fileID: 6264160898407736076}
  - {fileID: 7733165180529527915}
  - {fileID: 7568411743562957567}
  - {fileID: 5267149748234411304}
  - {fileID: 6162220052549032599}
  - {fileID: 4810740469980125259}
  - {fileID: 221714803612566602}
  - {fileID: 7584258004821298873}
  - {fileID: 6429972878650139990}
  - {fileID: 4110234827614455272}
  - {fileID: 7781135794318906436}
  - {fileID: 8951187388357313127}
  - {fileID: 7142705646932326127}
  - {fileID: 7691290283060765020}
  m_BlendShapeWeights: []
  m_RootBone: {fileID: 6186918569188913459}
  m_AABB:
    m_Center: {x: 0.020243347, y: 0.020211697, z: -0.013204068}
    m_Extent: {x: 0.6785323, y: 0.6653622, z: 0.64384973}
  m_DirtyAABB: 0
--- !u!1 &3139138897222650643
GameObject:
  m_ObjectHideFlags: 0
  m_CorrespondingSourceObject: {fileID: 0}
  m_PrefabInstance: {fileID: 0}
  m_PrefabAsset: {fileID: 0}
  serializedVersion: 6
  m_Component:
  - component: {fileID: 4865906987404249550}
  m_Layer: 0
  m_Name: Macrophage_v4_rigV2:joint26
  m_TagString: Untagged
  m_Icon: {fileID: 0}
  m_NavMeshLayer: 0
  m_StaticEditorFlags: 0
  m_IsActive: 1
--- !u!4 &4865906987404249550
Transform:
  m_ObjectHideFlags: 0
  m_CorrespondingSourceObject: {fileID: 0}
  m_PrefabInstance: {fileID: 0}
  m_PrefabAsset: {fileID: 0}
  m_GameObject: {fileID: 3139138897222650643}
  m_LocalRotation: {x: 0.3033494, y: 0.94802064, z: -0.029288724, w: 0.091532454}
  m_LocalPosition: {x: -0.06406358, y: -0.24176931, z: 0.19209862}
  m_LocalScale: {x: 1, y: 1, z: 1}
  m_Children:
  - {fileID: 6354877695171525846}
  m_Father: {fileID: 9099594285345084285}
  m_RootOrder: 4
  m_LocalEulerAnglesHint: {x: 0, y: 0, z: 0}
--- !u!1 &3769469156345514315
GameObject:
  m_ObjectHideFlags: 0
  m_CorrespondingSourceObject: {fileID: 0}
  m_PrefabInstance: {fileID: 0}
  m_PrefabAsset: {fileID: 0}
  serializedVersion: 6
  m_Component:
  - component: {fileID: 4540763762444227569}
  - component: {fileID: 7630263534425311627}
  m_Layer: 0
  m_Name: Macrophage talking
  m_TagString: Mac
  m_Icon: {fileID: 0}
  m_NavMeshLayer: 0
  m_StaticEditorFlags: 0
  m_IsActive: 1
--- !u!4 &4540763762444227569
Transform:
  m_ObjectHideFlags: 0
  m_CorrespondingSourceObject: {fileID: 0}
  m_PrefabInstance: {fileID: 0}
  m_PrefabAsset: {fileID: 0}
  m_GameObject: {fileID: 3769469156345514315}
  m_LocalRotation: {x: 0, y: 0.19424286, z: 0, w: 0.9809535}
  m_LocalPosition: {x: 4.497, y: 1.967, z: -2.27}
  m_LocalScale: {x: 1, y: 1, z: 1}
  m_Children:
  - {fileID: 1378068029606801325}
  - {fileID: 6186918569188913459}
  m_Father: {fileID: 0}
  m_RootOrder: 0
  m_LocalEulerAnglesHint: {x: 0, y: 22.401001, z: 0}
--- !u!95 &7630263534425311627
Animator:
  serializedVersion: 3
  m_ObjectHideFlags: 0
  m_CorrespondingSourceObject: {fileID: 0}
  m_PrefabInstance: {fileID: 0}
  m_PrefabAsset: {fileID: 0}
  m_GameObject: {fileID: 3769469156345514315}
  m_Enabled: 1
  m_Avatar: {fileID: 9000000, guid: 69f98bbdcfac91344bc9df6fb2795fa6, type: 3}
  m_Controller: {fileID: 9100000, guid: cfc3aa350203acd40811496c8e3752ec, type: 2}
  m_CullingMode: 1
  m_UpdateMode: 0
  m_ApplyRootMotion: 0
  m_LinearVelocityBlending: 0
  m_WarningMessage: 
  m_HasTransformHierarchy: 1
  m_AllowConstantClipSamplingOptimization: 1
  m_KeepAnimatorControllerStateOnDisable: 0
--- !u!1 &3860028351828973190
GameObject:
  m_ObjectHideFlags: 0
  m_CorrespondingSourceObject: {fileID: 0}
  m_PrefabInstance: {fileID: 0}
  m_PrefabAsset: {fileID: 0}
  serializedVersion: 6
  m_Component:
  - component: {fileID: 7733165180529527915}
  m_Layer: 0
  m_Name: Macrophage_v4_rigV2:joint25
  m_TagString: Untagged
  m_Icon: {fileID: 0}
  m_NavMeshLayer: 0
  m_StaticEditorFlags: 0
  m_IsActive: 1
--- !u!4 &7733165180529527915
Transform:
  m_ObjectHideFlags: 0
  m_CorrespondingSourceObject: {fileID: 0}
  m_PrefabInstance: {fileID: 0}
  m_PrefabAsset: {fileID: 0}
  m_GameObject: {fileID: 3860028351828973190}
  m_LocalRotation: {x: 5.2732327e-17, y: 0.99147576, z: -5.2732327e-17, w: -0.13029146}
  m_LocalPosition: {x: -0.13112047, y: 0, z: -3.5527136e-17}
  m_LocalScale: {x: 1, y: 1, z: 1}
  m_Children: []
  m_Father: {fileID: 6264160898407736076}
  m_RootOrder: 0
  m_LocalEulerAnglesHint: {x: 0, y: 0, z: 0}
--- !u!1 &4073689776164583403
GameObject:
  m_ObjectHideFlags: 0
  m_CorrespondingSourceObject: {fileID: 0}
  m_PrefabInstance: {fileID: 0}
  m_PrefabAsset: {fileID: 0}
  serializedVersion: 6
  m_Component:
  - component: {fileID: 6429972878650139990}
  m_Layer: 0
  m_Name: Macrophage_v4_rigV2:joint18
  m_TagString: Untagged
  m_Icon: {fileID: 0}
  m_NavMeshLayer: 0
  m_StaticEditorFlags: 0
  m_IsActive: 1
--- !u!4 &6429972878650139990
Transform:
  m_ObjectHideFlags: 0
  m_CorrespondingSourceObject: {fileID: 0}
  m_PrefabInstance: {fileID: 0}
  m_PrefabAsset: {fileID: 0}
  m_GameObject: {fileID: 4073689776164583403}
  m_LocalRotation: {x: -0.32453644, y: 0.9458732, z: -7.7790156e-17, w: -3.8045904e-17}
  m_LocalPosition: {x: -0.23165447, y: 1.7763568e-17, z: 1.9721522e-33}
  m_LocalScale: {x: 1, y: 1, z: 1}
  m_Children: []
  m_Father: {fileID: 7584258004821298873}
  m_RootOrder: 0
  m_LocalEulerAnglesHint: {x: 0, y: 0, z: 0}
--- !u!1 &4116701483397314252
GameObject:
  m_ObjectHideFlags: 0
  m_CorrespondingSourceObject: {fileID: 0}
  m_PrefabInstance: {fileID: 0}
  m_PrefabAsset: {fileID: 0}
  serializedVersion: 6
  m_Component:
  - component: {fileID: 1378068029606801325}
  m_Layer: 0
  m_Name: Geo
  m_TagString: Untagged
  m_Icon: {fileID: 0}
  m_NavMeshLayer: 0
  m_StaticEditorFlags: 0
  m_IsActive: 1
--- !u!4 &1378068029606801325
Transform:
  m_ObjectHideFlags: 0
  m_CorrespondingSourceObject: {fileID: 0}
  m_PrefabInstance: {fileID: 0}
  m_PrefabAsset: {fileID: 0}
  m_GameObject: {fileID: 4116701483397314252}
  m_LocalRotation: {x: 0, y: -0, z: -0, w: 1}
  m_LocalPosition: {x: -0, y: 0, z: 0}
  m_LocalScale: {x: 1, y: 1, z: 1}
  m_Children:
  - {fileID: 1427960600805127801}
  - {fileID: 3784963760803119345}
  m_Father: {fileID: 4540763762444227569}
  m_RootOrder: 0
  m_LocalEulerAnglesHint: {x: 0, y: 0, z: 0}
--- !u!1 &4590628464412626568
GameObject:
  m_ObjectHideFlags: 0
  m_CorrespondingSourceObject: {fileID: 0}
  m_PrefabInstance: {fileID: 0}
  m_PrefabAsset: {fileID: 0}
  serializedVersion: 6
  m_Component:
  - component: {fileID: 1557668270808435042}
  m_Layer: 0
  m_Name: Macrophage_v4_rigV2:joint7
  m_TagString: Untagged
  m_Icon: {fileID: 0}
  m_NavMeshLayer: 0
  m_StaticEditorFlags: 0
  m_IsActive: 1
--- !u!4 &1557668270808435042
Transform:
  m_ObjectHideFlags: 0
  m_CorrespondingSourceObject: {fileID: 0}
  m_PrefabInstance: {fileID: 0}
  m_PrefabAsset: {fileID: 0}
  m_GameObject: {fileID: 4590628464412626568}
  m_LocalRotation: {x: 7.869646e-17, y: 0.9376618, z: -7.869646e-17, w: 0.34754896}
  m_LocalPosition: {x: -0.16266291, y: 0, z: 0}
  m_LocalScale: {x: 1, y: 1, z: 1}
  m_Children: []
  m_Father: {fileID: 1002597968499088986}
  m_RootOrder: 0
  m_LocalEulerAnglesHint: {x: 0, y: 0, z: 0}
--- !u!1 &4943845414059669144
GameObject:
  m_ObjectHideFlags: 0
  m_CorrespondingSourceObject: {fileID: 0}
  m_PrefabInstance: {fileID: 0}
  m_PrefabAsset: {fileID: 0}
  serializedVersion: 6
  m_Component:
  - component: {fileID: 5809542222711113955}
  m_Layer: 0
  m_Name: Macrophage_v4_rigV2:joint10
  m_TagString: Untagged
  m_Icon: {fileID: 0}
  m_NavMeshLayer: 0
  m_StaticEditorFlags: 0
  m_IsActive: 1
--- !u!4 &5809542222711113955
Transform:
  m_ObjectHideFlags: 0
  m_CorrespondingSourceObject: {fileID: 0}
  m_PrefabInstance: {fileID: 0}
  m_PrefabAsset: {fileID: 0}
  m_GameObject: {fileID: 4943845414059669144}
  m_LocalRotation: {x: -0.06969417, y: -0.639913, z: 0.058447648, w: 0.7630452}
  m_LocalPosition: {x: 0.1569769, y: -0.13036232, z: -0.3712814}
  m_LocalScale: {x: 1, y: 1, z: 1}
  m_Children:
  - {fileID: 481714199234798159}
  m_Father: {fileID: 6188832644456503647}
  m_RootOrder: 1
  m_LocalEulerAnglesHint: {x: 0, y: 0, z: 0}
--- !u!1 &4970396479350902250
GameObject:
  m_ObjectHideFlags: 0
  m_CorrespondingSourceObject: {fileID: 0}
  m_PrefabInstance: {fileID: 0}
  m_PrefabAsset: {fileID: 0}
  serializedVersion: 6
  m_Component:
  - component: {fileID: 5188839212512942045}
  m_Layer: 0
  m_Name: Macrophage_v4_rigV2:joint28
  m_TagString: Untagged
  m_Icon: {fileID: 0}
  m_NavMeshLayer: 0
  m_StaticEditorFlags: 0
  m_IsActive: 1
--- !u!4 &5188839212512942045
Transform:
  m_ObjectHideFlags: 0
  m_CorrespondingSourceObject: {fileID: 0}
  m_PrefabInstance: {fileID: 0}
  m_PrefabAsset: {fileID: 0}
  m_GameObject: {fileID: 4970396479350902250}
  m_LocalRotation: {x: 0.1972156, y: 0.6074305, z: 0.15911707, w: 0.7528718}
  m_LocalPosition: {x: 0.19990726, y: -0.16827661, z: 0.3511049}
  m_LocalScale: {x: 1, y: 1, z: 1}
  m_Children:
  - {fileID: 6888978700805876979}
  m_Father: {fileID: 6188832644456503647}
  m_RootOrder: 2
  m_LocalEulerAnglesHint: {x: 0, y: 0, z: 0}
--- !u!1 &4982374594173311810
GameObject:
  m_ObjectHideFlags: 0
  m_CorrespondingSourceObject: {fileID: 0}
  m_PrefabInstance: {fileID: 0}
  m_PrefabAsset: {fileID: 0}
  serializedVersion: 6
  m_Component:
  - component: {fileID: 6188832644456503647}
  m_Layer: 0
  m_Name: Macrophage_v4_rigV2:R_Shell
  m_TagString: Untagged
  m_Icon: {fileID: 0}
  m_NavMeshLayer: 0
  m_StaticEditorFlags: 0
  m_IsActive: 1
--- !u!4 &6188832644456503647
Transform:
  m_ObjectHideFlags: 0
  m_CorrespondingSourceObject: {fileID: 0}
  m_PrefabInstance: {fileID: 0}
  m_PrefabAsset: {fileID: 0}
  m_GameObject: {fileID: 4982374594173311810}
  m_LocalRotation: {x: 0, y: -0, z: -0, w: 1}
  m_LocalPosition: {x: -0.47129267, y: -0.10183209, z: -0.011621972}
  m_LocalScale: {x: 1, y: 1, z: 1}
  m_Children:
  - {fileID: 2464730474689645010}
  - {fileID: 5809542222711113955}
  - {fileID: 5188839212512942045}
  - {fileID: 6404840958076006281}
  m_Father: {fileID: 6186918569188913459}
  m_RootOrder: 2
  m_LocalEulerAnglesHint: {x: 0, y: 0, z: 0}
--- !u!1 &5184453701877152632
GameObject:
  m_ObjectHideFlags: 0
  m_CorrespondingSourceObject: {fileID: 0}
  m_PrefabInstance: {fileID: 0}
  m_PrefabAsset: {fileID: 0}
  serializedVersion: 6
  m_Component:
  - component: {fileID: 221714803612566602}
  m_Layer: 0
  m_Name: Macrophage_v4_rigV2:joint5
  m_TagString: Untagged
  m_Icon: {fileID: 0}
  m_NavMeshLayer: 0
  m_StaticEditorFlags: 0
  m_IsActive: 1
--- !u!4 &221714803612566602
Transform:
  m_ObjectHideFlags: 0
  m_CorrespondingSourceObject: {fileID: 0}
  m_PrefabInstance: {fileID: 0}
  m_PrefabAsset: {fileID: 0}
  m_GameObject: {fileID: 5184453701877152632}
  m_LocalRotation: {x: -0.042763475, y: 0.7058125, z: 0.042763475, w: 0.7058125}
  m_LocalPosition: {x: -0.19024767, y: 0, z: 4.224347e-17}
  m_LocalScale: {x: 1, y: 1, z: 1}
  m_Children: []
  m_Father: {fileID: 4810740469980125259}
  m_RootOrder: 0
  m_LocalEulerAnglesHint: {x: 0, y: 0, z: 0}
--- !u!1 &6229913028526288406
GameObject:
  m_ObjectHideFlags: 0
  m_CorrespondingSourceObject: {fileID: 0}
  m_PrefabInstance: {fileID: 0}
  m_PrefabAsset: {fileID: 0}
  serializedVersion: 6
  m_Component:
  - component: {fileID: 8043601998916954641}
  m_Layer: 0
  m_Name: Macrophage_v4_rigV2:nuc_surface_top
  m_TagString: Untagged
  m_Icon: {fileID: 0}
  m_NavMeshLayer: 0
  m_StaticEditorFlags: 0
  m_IsActive: 1
--- !u!4 &8043601998916954641
Transform:
  m_ObjectHideFlags: 0
  m_CorrespondingSourceObject: {fileID: 0}
  m_PrefabInstance: {fileID: 0}
  m_PrefabAsset: {fileID: 0}
  m_GameObject: {fileID: 6229913028526288406}
  m_LocalRotation: {x: 0, y: -0, z: -0, w: 1}
  m_LocalPosition: {x: 0.0022840714, y: 0.11364757, z: -0.08058752}
  m_LocalScale: {x: 1, y: 1, z: 1}
  m_Children: []
  m_Father: {fileID: 7691290283060765020}
  m_RootOrder: 2
  m_LocalEulerAnglesHint: {x: 0, y: 0, z: 0}
--- !u!1 &6291819429256787637
GameObject:
  m_ObjectHideFlags: 0
  m_CorrespondingSourceObject: {fileID: 0}
  m_PrefabInstance: {fileID: 0}
  m_PrefabAsset: {fileID: 0}
  serializedVersion: 6
  m_Component:
  - component: {fileID: 1002597968499088986}
  m_Layer: 0
  m_Name: Macrophage_v4_rigV2:joint6
  m_TagString: Untagged
  m_Icon: {fileID: 0}
  m_NavMeshLayer: 0
  m_StaticEditorFlags: 0
  m_IsActive: 1
--- !u!4 &1002597968499088986
Transform:
  m_ObjectHideFlags: 0
  m_CorrespondingSourceObject: {fileID: 0}
  m_PrefabInstance: {fileID: 0}
  m_PrefabAsset: {fileID: 0}
  m_GameObject: {fileID: 6291819429256787637}
  m_LocalRotation: {x: -0.10885311, y: 0.9353386, z: 0.041839115, w: -0.3339794}
  m_LocalPosition: {x: 0.019315124, y: 0.18413913, z: -0.15345465}
  m_LocalScale: {x: 1, y: 1, z: 1}
  m_Children:
  - {fileID: 1557668270808435042}
  m_Father: {fileID: 9099594285345084285}
  m_RootOrder: 1
  m_LocalEulerAnglesHint: {x: 0, y: 0, z: 0}
--- !u!1 &6323774273447083089
GameObject:
  m_ObjectHideFlags: 0
  m_CorrespondingSourceObject: {fileID: 0}
  m_PrefabInstance: {fileID: 0}
  m_PrefabAsset: {fileID: 0}
  serializedVersion: 6
  m_Component:
  - component: {fileID: 8971545537140578762}
  m_Layer: 0
  m_Name: Macrophage_v4_rigV2:joint23
  m_TagString: Untagged
  m_Icon: {fileID: 0}
  m_NavMeshLayer: 0
  m_StaticEditorFlags: 0
  m_IsActive: 1
--- !u!4 &8971545537140578762
Transform:
  m_ObjectHideFlags: 0
  m_CorrespondingSourceObject: {fileID: 0}
  m_PrefabInstance: {fileID: 0}
  m_PrefabAsset: {fileID: 0}
  m_GameObject: {fileID: 6323774273447083089}
  m_LocalRotation: {x: -1.2846624e-17, y: -0.804183, z: 1.2846624e-17, w: 0.59438175}
  m_LocalPosition: {x: -0.20716609, y: 0, z: -3.0198067e-16}
  m_LocalScale: {x: 1, y: 1, z: 1}
  m_Children: []
  m_Father: {fileID: 323313905034456886}
  m_RootOrder: 0
  m_LocalEulerAnglesHint: {x: 0, y: 0, z: 0}
--- !u!1 &6389054210602561805
GameObject:
  m_ObjectHideFlags: 0
  m_CorrespondingSourceObject: {fileID: 0}
  m_PrefabInstance: {fileID: 0}
  m_PrefabAsset: {fileID: 0}
  serializedVersion: 6
  m_Component:
  - component: {fileID: 1800113539648257172}
  m_Layer: 0
  m_Name: Macrophage_v4_rigV2:joint9
  m_TagString: Untagged
  m_Icon: {fileID: 0}
  m_NavMeshLayer: 0
  m_StaticEditorFlags: 0
  m_IsActive: 1
--- !u!4 &1800113539648257172
Transform:
  m_ObjectHideFlags: 0
  m_CorrespondingSourceObject: {fileID: 0}
  m_PrefabInstance: {fileID: 0}
  m_PrefabAsset: {fileID: 0}
  m_GameObject: {fileID: 6389054210602561805}
  m_LocalRotation: {x: 0, y: 0.28291637, z: -0, w: 0.9591446}
  m_LocalPosition: {x: -0.1491747, y: 0, z: -7.9936054e-17}
  m_LocalScale: {x: 1, y: 1, z: 1}
  m_Children: []
  m_Father: {fileID: 2464730474689645010}
  m_RootOrder: 0
  m_LocalEulerAnglesHint: {x: 0, y: 0, z: 0}
--- !u!1 &6560540167038204856
GameObject:
  m_ObjectHideFlags: 0
  m_CorrespondingSourceObject: {fileID: 0}
  m_PrefabInstance: {fileID: 0}
  m_PrefabAsset: {fileID: 0}
  serializedVersion: 6
  m_Component:
  - component: {fileID: 481714199234798159}
  m_Layer: 0
  m_Name: Macrophage_v4_rigV2:joint11
  m_TagString: Untagged
  m_Icon: {fileID: 0}
  m_NavMeshLayer: 0
  m_StaticEditorFlags: 0
  m_IsActive: 1
--- !u!4 &481714199234798159
Transform:
  m_ObjectHideFlags: 0
  m_CorrespondingSourceObject: {fileID: 0}
  m_PrefabInstance: {fileID: 0}
  m_PrefabAsset: {fileID: 0}
  m_GameObject: {fileID: 6560540167038204856}
  m_LocalRotation: {x: -6.045207e-11, y: -8.116527e-11, z: -0.021534521, w: 0.99976814}
  m_LocalPosition: {x: -0.100044675, y: -4.440892e-18, z: 2.221438e-17}
  m_LocalScale: {x: 1, y: 1, z: 1}
  m_Children:
  - {fileID: 422977053358037644}
  m_Father: {fileID: 5809542222711113955}
  m_RootOrder: 0
  m_LocalEulerAnglesHint: {x: 0, y: 0, z: 0}
--- !u!1 &7273388173380870153
GameObject:
  m_ObjectHideFlags: 0
  m_CorrespondingSourceObject: {fileID: 0}
  m_PrefabInstance: {fileID: 0}
  m_PrefabAsset: {fileID: 0}
  serializedVersion: 6
  m_Component:
  - component: {fileID: 7142705646932326127}
  m_Layer: 0
  m_Name: Macrophage_v4_rigV2:joint14
  m_TagString: Untagged
  m_Icon: {fileID: 0}
  m_NavMeshLayer: 0
  m_StaticEditorFlags: 0
  m_IsActive: 1
--- !u!4 &7142705646932326127
Transform:
  m_ObjectHideFlags: 0
  m_CorrespondingSourceObject: {fileID: 0}
  m_PrefabInstance: {fileID: 0}
  m_PrefabAsset: {fileID: 0}
  m_GameObject: {fileID: 7273388173380870153}
  m_LocalRotation: {x: 0.07514293, y: -0.7031028, z: 0.07514293, w: 0.7031028}
  m_LocalPosition: {x: -0.20464839, y: 8.881784e-18, z: -4.544107e-17}
  m_LocalScale: {x: 1, y: 1, z: 1}
  m_Children: []
  m_Father: {fileID: 8951187388357313127}
  m_RootOrder: 0
  m_LocalEulerAnglesHint: {x: 0, y: 0, z: 0}
--- !u!1 &7423391091908496335
GameObject:
  m_ObjectHideFlags: 0
  m_CorrespondingSourceObject: {fileID: 0}
  m_PrefabInstance: {fileID: 0}
  m_PrefabAsset: {fileID: 0}
  serializedVersion: 6
  m_Component:
  - component: {fileID: 694618107695227862}
  m_Layer: 0
  m_Name: Macrophage_v4_rigV2:nuc_surface_left
  m_TagString: Untagged
  m_Icon: {fileID: 0}
  m_NavMeshLayer: 0
  m_StaticEditorFlags: 0
  m_IsActive: 1
--- !u!4 &694618107695227862
Transform:
  m_ObjectHideFlags: 0
  m_CorrespondingSourceObject: {fileID: 0}
  m_PrefabInstance: {fileID: 0}
  m_PrefabAsset: {fileID: 0}
  m_GameObject: {fileID: 7423391091908496335}
  m_LocalRotation: {x: -4.3325298e-11, y: -5.5966755e-12, z: -1.5216795e-11, w: 1}
  m_LocalPosition: {x: 0.1568557, y: -0.15115352, z: 0.028098466}
  m_LocalScale: {x: 1, y: 1, z: 1}
  m_Children: []
  m_Father: {fileID: 7691290283060765020}
  m_RootOrder: 0
  m_LocalEulerAnglesHint: {x: 0, y: 0, z: 0}
--- !u!1 &7689717049240091077
GameObject:
  m_ObjectHideFlags: 0
  m_CorrespondingSourceObject: {fileID: 0}
  m_PrefabInstance: {fileID: 0}
  m_PrefabAsset: {fileID: 0}
  serializedVersion: 6
  m_Component:
  - component: {fileID: 5267149748234411304}
  m_Layer: 0
  m_Name: Macrophage_v4_rigV2:joint15
  m_TagString: Untagged
  m_Icon: {fileID: 0}
  m_NavMeshLayer: 0
  m_StaticEditorFlags: 0
  m_IsActive: 1
--- !u!4 &5267149748234411304
Transform:
  m_ObjectHideFlags: 0
  m_CorrespondingSourceObject: {fileID: 0}
  m_PrefabInstance: {fileID: 0}
  m_PrefabAsset: {fileID: 0}
  m_GameObject: {fileID: 7689717049240091077}
  m_LocalRotation: {x: 0.24466074, y: -0.66343135, z: -0.24466074, w: 0.66343135}
  m_LocalPosition: {x: -0.086975455, y: 0.03241524, z: -0.116342925}
  m_LocalScale: {x: 1, y: 1, z: 1}
  m_Children:
  - {fileID: 6162220052549032599}
  m_Father: {fileID: 7568411743562957567}
  m_RootOrder: 2
  m_LocalEulerAnglesHint: {x: 0, y: 0, z: 0}
--- !u!1 &8118923993078877901
GameObject:
  m_ObjectHideFlags: 0
  m_CorrespondingSourceObject: {fileID: 0}
  m_PrefabInstance: {fileID: 0}
  m_PrefabAsset: {fileID: 0}
  serializedVersion: 6
  m_Component:
  - component: {fileID: 323313905034456886}
  m_Layer: 0
  m_Name: Macrophage_v4_rigV2:joint22
  m_TagString: Untagged
  m_Icon: {fileID: 0}
  m_NavMeshLayer: 0
  m_StaticEditorFlags: 0
  m_IsActive: 1
--- !u!4 &323313905034456886
Transform:
  m_ObjectHideFlags: 0
  m_CorrespondingSourceObject: {fileID: 0}
  m_PrefabInstance: {fileID: 0}
  m_PrefabAsset: {fileID: 0}
  m_GameObject: {fileID: 8118923993078877901}
  m_LocalRotation: {x: -3.2425397e-12, y: -0.019908285, z: 1.3389695e-11, w: 0.9998018}
  m_LocalPosition: {x: -0.19534978, y: 0, z: -6.217249e-17}
  m_LocalScale: {x: 1, y: 1, z: 1}
  m_Children:
  - {fileID: 8971545537140578762}
  m_Father: {fileID: 3232918894130425967}
  m_RootOrder: 0
  m_LocalEulerAnglesHint: {x: 0, y: 0, z: 0}
--- !u!1 &8161822570354955331
GameObject:
  m_ObjectHideFlags: 0
  m_CorrespondingSourceObject: {fileID: 0}
  m_PrefabInstance: {fileID: 0}
  m_PrefabAsset: {fileID: 0}
  serializedVersion: 6
  m_Component:
  - component: {fileID: 6162220052549032599}
  m_Layer: 0
  m_Name: Macrophage_v4_rigV2:joint16
  m_TagString: Untagged
  m_Icon: {fileID: 0}
  m_NavMeshLayer: 0
  m_StaticEditorFlags: 0
  m_IsActive: 1
--- !u!4 &6162220052549032599
Transform:
  m_ObjectHideFlags: 0
  m_CorrespondingSourceObject: {fileID: 0}
  m_PrefabInstance: {fileID: 0}
  m_PrefabAsset: {fileID: 0}
  m_GameObject: {fileID: 8161822570354955331}
  m_LocalRotation: {x: -0.24466074, y: 0.66343135, z: 0.24466074, w: 0.66343135}
  m_LocalPosition: {x: -0.15270382, y: -1.8168587e-17, z: -2.9409686e-34}
  m_LocalScale: {x: 1, y: 1, z: 1}
  m_Children: []
  m_Father: {fileID: 5267149748234411304}
  m_RootOrder: 0
  m_LocalEulerAnglesHint: {x: 0, y: 0, z: 0}
--- !u!1 &8241117327654949824
GameObject:
  m_ObjectHideFlags: 0
  m_CorrespondingSourceObject: {fileID: 0}
  m_PrefabInstance: {fileID: 0}
  m_PrefabAsset: {fileID: 0}
  serializedVersion: 6
  m_Component:
  - component: {fileID: 6404840958076006281}
  m_Layer: 0
  m_Name: Macrophage_v4_rigV2:joint30
  m_TagString: Untagged
  m_Icon: {fileID: 0}
  m_NavMeshLayer: 0
  m_StaticEditorFlags: 0
  m_IsActive: 1
--- !u!4 &6404840958076006281
Transform:
  m_ObjectHideFlags: 0
  m_CorrespondingSourceObject: {fileID: 0}
  m_PrefabInstance: {fileID: 0}
  m_PrefabAsset: {fileID: 0}
  m_GameObject: {fileID: 8241117327654949824}
  m_LocalRotation: {x: 0.45893914, y: 0.49933642, z: 0.3566689, w: 0.6425148}
  m_LocalPosition: {x: 0.15423486, y: -0.29453003, z: 0.015329058}
  m_LocalScale: {x: 1, y: 1, z: 1}
  m_Children:
  - {fileID: 8997056672725387294}
  m_Father: {fileID: 6188832644456503647}
  m_RootOrder: 3
  m_LocalEulerAnglesHint: {x: 0, y: 0, z: 0}
--- !u!1 &8720530018051813100
GameObject:
  m_ObjectHideFlags: 0
  m_CorrespondingSourceObject: {fileID: 0}
  m_PrefabInstance: {fileID: 0}
  m_PrefabAsset: {fileID: 0}
  serializedVersion: 6
  m_Component:
  - component: {fileID: 7691290283060765020}
  m_Layer: 0
  m_Name: Macrophage_v4_rigV2:nucleous
  m_TagString: Untagged
  m_Icon: {fileID: 0}
  m_NavMeshLayer: 0
  m_StaticEditorFlags: 0
  m_IsActive: 1
--- !u!4 &7691290283060765020
Transform:
  m_ObjectHideFlags: 0
  m_CorrespondingSourceObject: {fileID: 0}
  m_PrefabInstance: {fileID: 0}
  m_PrefabAsset: {fileID: 0}
  m_GameObject: {fileID: 8720530018051813100}
  m_LocalRotation: {x: 0, y: -0, z: -0, w: 1}
  m_LocalPosition: {x: 0.006841009, y: -0.0063431137, z: -0.21202916}
  m_LocalScale: {x: 1, y: 1, z: 1}
  m_Children:
  - {fileID: 694618107695227862}
  - {fileID: 7915688016221213471}
  - {fileID: 8043601998916954641}
  m_Father: {fileID: 6186918569188913459}
  m_RootOrder: 1
  m_LocalEulerAnglesHint: {x: 0, y: 0, z: 0}
--- !u!1 &8751306922261937498
GameObject:
  m_ObjectHideFlags: 0
  m_CorrespondingSourceObject: {fileID: 0}
  m_PrefabInstance: {fileID: 0}
  m_PrefabAsset: {fileID: 0}
  serializedVersion: 6
  m_Component:
  - component: {fileID: 3784963760803119345}
  - component: {fileID: 913987167099601556}
  m_Layer: 0
  m_Name: nucleus
  m_TagString: Untagged
  m_Icon: {fileID: 0}
  m_NavMeshLayer: 0
  m_StaticEditorFlags: 0
  m_IsActive: 1
--- !u!4 &3784963760803119345
Transform:
  m_ObjectHideFlags: 0
  m_CorrespondingSourceObject: {fileID: 0}
  m_PrefabInstance: {fileID: 0}
  m_PrefabAsset: {fileID: 0}
  m_GameObject: {fileID: 8751306922261937498}
  m_LocalRotation: {x: 0, y: -0, z: -0, w: 1}
  m_LocalPosition: {x: -0, y: 0, z: 0}
  m_LocalScale: {x: 1, y: 1, z: 1}
  m_Children: []
  m_Father: {fileID: 1378068029606801325}
  m_RootOrder: 1
  m_LocalEulerAnglesHint: {x: 0, y: 0, z: 0}
--- !u!137 &913987167099601556
SkinnedMeshRenderer:
  m_ObjectHideFlags: 0
  m_CorrespondingSourceObject: {fileID: 0}
  m_PrefabInstance: {fileID: 0}
  m_PrefabAsset: {fileID: 0}
  m_GameObject: {fileID: 8751306922261937498}
  m_Enabled: 1
  m_CastShadows: 1
  m_ReceiveShadows: 1
  m_DynamicOccludee: 1
  m_MotionVectors: 1
  m_LightProbeUsage: 1
  m_ReflectionProbeUsage: 1
  m_RayTracingMode: 0
  m_RenderingLayerMask: 1
  m_RendererPriority: 0
  m_Materials:
  - {fileID: 5561349426305759274, guid: 69f98bbdcfac91344bc9df6fb2795fa6, type: 3}
  m_StaticBatchInfo:
    firstSubMesh: 0
    subMeshCount: 0
  m_StaticBatchRoot: {fileID: 0}
  m_ProbeAnchor: {fileID: 0}
  m_LightProbeVolumeOverride: {fileID: 0}
  m_ScaleInLightmap: 1
  m_ReceiveGI: 1
  m_PreserveUVs: 0
  m_IgnoreNormalsForChartDetection: 0
  m_ImportantGI: 0
  m_StitchLightmapSeams: 1
  m_SelectedEditorRenderState: 3
  m_MinimumChartSize: 4
  m_AutoUVMaxDistance: 0.5
  m_AutoUVMaxAngle: 89
  m_LightmapParameters: {fileID: 0}
  m_SortingLayerID: 0
  m_SortingLayer: 0
  m_SortingOrder: 0
  serializedVersion: 2
  m_Quality: 0
  m_UpdateWhenOffscreen: 0
  m_SkinnedMotionVectors: 1
  m_Mesh: {fileID: -2545721388161114382, guid: 69f98bbdcfac91344bc9df6fb2795fa6, type: 3}
  m_Bones:
  - {fileID: 6186918569188913459}
  - {fileID: 6188832644456503647}
  - {fileID: 5188839212512942045}
  - {fileID: 6404840958076006281}
  - {fileID: 8997056672725387294}
  - {fileID: 2464730474689645010}
  - {fileID: 1800113539648257172}
  - {fileID: 5809542222711113955}
  - {fileID: 481714199234798159}
  - {fileID: 9099594285345084285}
  - {fileID: 3232918894130425967}
  - {fileID: 1002597968499088986}
  - {fileID: 2245111081745713364}
  - {fileID: 4930172408863471353}
  - {fileID: 4865906987404249550}
  - {fileID: 6264160898407736076}
  - {fileID: 7568411743562957567}
  - {fileID: 5267149748234411304}
  - {fileID: 6162220052549032599}
  - {fileID: 4810740469980125259}
  - {fileID: 221714803612566602}
  - {fileID: 7584258004821298873}
  - {fileID: 4110234827614455272}
  - {fileID: 8951187388357313127}
  - {fileID: 7691290283060765020}
  - {fileID: 7915688016221213471}
  - {fileID: 694618107695227862}
  - {fileID: 8043601998916954641}
  m_BlendShapeWeights: []
  m_RootBone: {fileID: 6186918569188913459}
  m_AABB:
    m_Center: {x: 0.014783084, y: 0.017995372, z: -0.06765559}
    m_Extent: {x: 0.27286774, y: 0.26877457, z: 0.2836392}
  m_DirtyAABB: 0
--- !u!1 &8771259912582935300
GameObject:
  m_ObjectHideFlags: 0
  m_CorrespondingSourceObject: {fileID: 0}
  m_PrefabInstance: {fileID: 0}
  m_PrefabAsset: {fileID: 0}
  serializedVersion: 6
  m_Component:
  - component: {fileID: 6354877695171525846}
  m_Layer: 0
  m_Name: Macrophage_v4_rigV2:joint27
  m_TagString: Untagged
  m_Icon: {fileID: 0}
  m_NavMeshLayer: 0
  m_StaticEditorFlags: 0
  m_IsActive: 1
--- !u!4 &6354877695171525846
Transform:
  m_ObjectHideFlags: 0
  m_CorrespondingSourceObject: {fileID: 0}
  m_PrefabInstance: {fileID: 0}
  m_PrefabAsset: {fileID: 0}
  m_GameObject: {fileID: 8771259912582935300}
  m_LocalRotation: {x: 0.30476004, y: 0.9524292, z: -3.9658294e-17, w: -7.698064e-17}
  m_LocalPosition: {x: -0.1779995, y: 0, z: -2.646978e-25}
  m_LocalScale: {x: 1, y: 1, z: 1}
  m_Children: []
  m_Father: {fileID: 4865906987404249550}
  m_RootOrder: 0
  m_LocalEulerAnglesHint: {x: 0, y: 0, z: 0}
--- !u!1 &8853326826288922294
GameObject:
  m_ObjectHideFlags: 0
  m_CorrespondingSourceObject: {fileID: 0}
  m_PrefabInstance: {fileID: 0}
  m_PrefabAsset: {fileID: 0}
  serializedVersion: 6
  m_Component:
  - component: {fileID: 7584258004821298873}
  m_Layer: 0
  m_Name: Macrophage_v4_rigV2:joint17
  m_TagString: Untagged
  m_Icon: {fileID: 0}
  m_NavMeshLayer: 0
  m_StaticEditorFlags: 0
  m_IsActive: 1
--- !u!4 &7584258004821298873
Transform:
  m_ObjectHideFlags: 0
  m_CorrespondingSourceObject: {fileID: 0}
  m_PrefabInstance: {fileID: 0}
  m_PrefabAsset: {fileID: 0}
  m_GameObject: {fileID: 8853326826288922294}
  m_LocalRotation: {x: -0.30937222, y: 0.90167654, z: -0.09804452, w: -0.2857543}
  m_LocalPosition: {x: 0.23912586, y: -0.06404758, z: -0.06836375}
  m_LocalScale: {x: 1, y: 1, z: 1}
  m_Children:
  - {fileID: 6429972878650139990}
  m_Father: {fileID: 7568411743562957567}
  m_RootOrder: 3
  m_LocalEulerAnglesHint: {x: 0, y: 0, z: 0}
