%YAML 1.1
%TAG !u! tag:unity3d.com,2011:
--- !u!1 &305517179838186489
GameObject:
  m_ObjectHideFlags: 0
  m_CorrespondingSourceObject: {fileID: 0}
  m_PrefabInstance: {fileID: 0}
  m_PrefabAsset: {fileID: 0}
  serializedVersion: 6
  m_Component:
  - component: {fileID: 4428552035762732602}
  m_Layer: 0
  m_Name: S_Aureus_Mutant_rig:joint19
  m_TagString: Untagged
  m_Icon: {fileID: 0}
  m_NavMeshLayer: 0
  m_StaticEditorFlags: 0
  m_IsActive: 1
--- !u!4 &4428552035762732602
Transform:
  m_ObjectHideFlags: 0
  m_CorrespondingSourceObject: {fileID: 0}
  m_PrefabInstance: {fileID: 0}
  m_PrefabAsset: {fileID: 0}
  m_GameObject: {fileID: 305517179838186489}
  m_LocalRotation: {x: 8.136026e-12, y: -1.3106531e-12, z: 2.5684139e-11, w: 1}
  m_LocalPosition: {x: 0.05242829, y: 0.060806926, z: -0.19709194}
  m_LocalScale: {x: 1, y: 1, z: 1}
  m_Children: []
  m_Father: {fileID: 232931256348397405}
  m_RootOrder: 17
  m_LocalEulerAnglesHint: {x: 0, y: 0, z: 0}
--- !u!1 &410110398540684446
GameObject:
  m_ObjectHideFlags: 0
  m_CorrespondingSourceObject: {fileID: 0}
  m_PrefabInstance: {fileID: 0}
  m_PrefabAsset: {fileID: 0}
  serializedVersion: 6
  m_Component:
  - component: {fileID: 1390302657952477879}
  - component: {fileID: 2993524239119188226}
  - component: {fileID: 4366555188163952546}
  m_Layer: 0
  m_Name: S_Aureus_Mutant_rig:polySurface63
  m_TagString: S A Mutant Pieces
  m_Icon: {fileID: 0}
  m_NavMeshLayer: 0
  m_StaticEditorFlags: 0
  m_IsActive: 1
--- !u!4 &1390302657952477879
Transform:
  m_ObjectHideFlags: 0
  m_CorrespondingSourceObject: {fileID: 0}
  m_PrefabInstance: {fileID: 0}
  m_PrefabAsset: {fileID: 0}
  m_GameObject: {fileID: 410110398540684446}
  m_LocalRotation: {x: 0, y: -0, z: -0, w: 1}
  m_LocalPosition: {x: 0.0075541493, y: 0.002609768, z: -0.0012148189}
  m_LocalScale: {x: 1, y: 1, z: 1}
  m_Children: []
  m_Father: {fileID: 6969724986228008170}
  m_RootOrder: 7
  m_LocalEulerAnglesHint: {x: 0, y: 0, z: 0}
--- !u!137 &2993524239119188226
SkinnedMeshRenderer:
  m_ObjectHideFlags: 0
  m_CorrespondingSourceObject: {fileID: 0}
  m_PrefabInstance: {fileID: 0}
  m_PrefabAsset: {fileID: 0}
  m_GameObject: {fileID: 410110398540684446}
  m_Enabled: 1
  m_CastShadows: 1
  m_ReceiveShadows: 1
  m_DynamicOccludee: 1
  m_MotionVectors: 1
  m_LightProbeUsage: 1
  m_ReflectionProbeUsage: 1
  m_RayTracingMode: 0
  m_RenderingLayerMask: 1
  m_RendererPriority: 0
  m_Materials:
  - {fileID: 2100000, guid: 8b6181a39fe660e4c836e7356c4ee971, type: 2}
  m_StaticBatchInfo:
    firstSubMesh: 0
    subMeshCount: 0
  m_StaticBatchRoot: {fileID: 0}
  m_ProbeAnchor: {fileID: 0}
  m_LightProbeVolumeOverride: {fileID: 0}
  m_ScaleInLightmap: 1
  m_ReceiveGI: 1
  m_PreserveUVs: 0
  m_IgnoreNormalsForChartDetection: 0
  m_ImportantGI: 0
  m_StitchLightmapSeams: 1
  m_SelectedEditorRenderState: 3
  m_MinimumChartSize: 4
  m_AutoUVMaxDistance: 0.5
  m_AutoUVMaxAngle: 89
  m_LightmapParameters: {fileID: 0}
  m_SortingLayerID: 0
  m_SortingLayer: 0
  m_SortingOrder: 0
  serializedVersion: 2
  m_Quality: 0
  m_UpdateWhenOffscreen: 0
  m_SkinnedMotionVectors: 1
  m_Mesh: {fileID: 1628601539359681017, guid: 845502bcfa8a1b34bbb443c7b4428a87, type: 3}
  m_Bones:
  - {fileID: 232931256348397405}
  - {fileID: 739868240202015634}
  - {fileID: 2539572861544037804}
  - {fileID: 3446614031655022314}
  - {fileID: 8172428839262757122}
  - {fileID: 9196810279685297913}
  - {fileID: 5561423794364465589}
  - {fileID: 8936785771997962779}
  - {fileID: 6984715009941567874}
  - {fileID: 4811564216109623136}
  - {fileID: 2971946792071692731}
  - {fileID: 759553887594252538}
  m_BlendShapeWeights: []
  m_RootBone: {fileID: 232931256348397405}
  m_AABB:
    m_Center: {x: -0.09203666, y: 0.011376962, z: 0.105276674}
    m_Extent: {x: 0.08125784, y: 0.08048061, z: 0.09037238}
  m_DirtyAABB: 0
--- !u!64 &4366555188163952546
MeshCollider:
  m_ObjectHideFlags: 0
  m_CorrespondingSourceObject: {fileID: 0}
  m_PrefabInstance: {fileID: 0}
  m_PrefabAsset: {fileID: 0}
  m_GameObject: {fileID: 410110398540684446}
  m_Material: {fileID: 0}
  m_IsTrigger: 0
  m_Enabled: 1
  serializedVersion: 4
  m_Convex: 0
  m_CookingOptions: 30
  m_Mesh: {fileID: 0}
--- !u!1 &652937148016664437
GameObject:
  m_ObjectHideFlags: 0
  m_CorrespondingSourceObject: {fileID: 0}
  m_PrefabInstance: {fileID: 0}
  m_PrefabAsset: {fileID: 0}
  serializedVersion: 6
  m_Component:
  - component: {fileID: 4667186592207871036}
  - component: {fileID: 5364704381354345394}
  - component: {fileID: 4366555188163952549}
  m_Layer: 0
  m_Name: S_Aureus_Mutant_rig:polySurface60
  m_TagString: S A Mutant Pieces
  m_Icon: {fileID: 0}
  m_NavMeshLayer: 0
  m_StaticEditorFlags: 0
  m_IsActive: 1
--- !u!4 &4667186592207871036
Transform:
  m_ObjectHideFlags: 0
  m_CorrespondingSourceObject: {fileID: 0}
  m_PrefabInstance: {fileID: 0}
  m_PrefabAsset: {fileID: 0}
  m_GameObject: {fileID: 652937148016664437}
  m_LocalRotation: {x: 0, y: -0, z: -0, w: 1}
  m_LocalPosition: {x: 0.0075541493, y: 0.002609768, z: -0.0012148189}
  m_LocalScale: {x: 1, y: 1, z: 1}
  m_Children: []
  m_Father: {fileID: 6969724986228008170}
  m_RootOrder: 4
  m_LocalEulerAnglesHint: {x: 0, y: 0, z: 0}
--- !u!137 &5364704381354345394
SkinnedMeshRenderer:
  m_ObjectHideFlags: 0
  m_CorrespondingSourceObject: {fileID: 0}
  m_PrefabInstance: {fileID: 0}
  m_PrefabAsset: {fileID: 0}
  m_GameObject: {fileID: 652937148016664437}
  m_Enabled: 1
  m_CastShadows: 1
  m_ReceiveShadows: 1
  m_DynamicOccludee: 1
  m_MotionVectors: 1
  m_LightProbeUsage: 1
  m_ReflectionProbeUsage: 1
  m_RayTracingMode: 0
  m_RenderingLayerMask: 1
  m_RendererPriority: 0
  m_Materials:
  - {fileID: 2100000, guid: 8b6181a39fe660e4c836e7356c4ee971, type: 2}
  m_StaticBatchInfo:
    firstSubMesh: 0
    subMeshCount: 0
  m_StaticBatchRoot: {fileID: 0}
  m_ProbeAnchor: {fileID: 0}
  m_LightProbeVolumeOverride: {fileID: 0}
  m_ScaleInLightmap: 1
  m_ReceiveGI: 1
  m_PreserveUVs: 0
  m_IgnoreNormalsForChartDetection: 0
  m_ImportantGI: 0
  m_StitchLightmapSeams: 1
  m_SelectedEditorRenderState: 3
  m_MinimumChartSize: 4
  m_AutoUVMaxDistance: 0.5
  m_AutoUVMaxAngle: 89
  m_LightmapParameters: {fileID: 0}
  m_SortingLayerID: 0
  m_SortingLayer: 0
  m_SortingOrder: 0
  serializedVersion: 2
  m_Quality: 0
  m_UpdateWhenOffscreen: 0
  m_SkinnedMotionVectors: 1
  m_Mesh: {fileID: 4780699093375498301, guid: 845502bcfa8a1b34bbb443c7b4428a87, type: 3}
  m_Bones:
  - {fileID: 232931256348397405}
  - {fileID: 3446614031655022314}
  - {fileID: 8172428839262757122}
  - {fileID: 1205793673507880670}
  - {fileID: 4192632636495573340}
  - {fileID: 5971862762102196722}
  - {fileID: 1244357317753518357}
  - {fileID: 5561423794364465589}
  - {fileID: 866394186929050583}
  - {fileID: 6984715009941567874}
  - {fileID: 5685855293903726639}
  - {fileID: 2971946792071692731}
  - {fileID: 759553887594252538}
  m_BlendShapeWeights: []
  m_RootBone: {fileID: 232931256348397405}
  m_AABB:
    m_Center: {x: 0.17252082, y: 0.079074815, z: 0.12983155}
    m_Extent: {x: 0.08499456, y: 0.08943696, z: 0.08942184}
  m_DirtyAABB: 0
--- !u!64 &4366555188163952549
MeshCollider:
  m_ObjectHideFlags: 0
  m_CorrespondingSourceObject: {fileID: 0}
  m_PrefabInstance: {fileID: 0}
  m_PrefabAsset: {fileID: 0}
  m_GameObject: {fileID: 652937148016664437}
  m_Material: {fileID: 0}
  m_IsTrigger: 0
  m_Enabled: 1
  serializedVersion: 4
  m_Convex: 0
  m_CookingOptions: 30
  m_Mesh: {fileID: 0}
--- !u!1 &697222606108468530
GameObject:
  m_ObjectHideFlags: 0
  m_CorrespondingSourceObject: {fileID: 0}
  m_PrefabInstance: {fileID: 0}
  m_PrefabAsset: {fileID: 0}
  serializedVersion: 6
  m_Component:
  - component: {fileID: 3430514459083352153}
  m_Layer: 0
  m_Name: S_Aureus_Mutant_rig:joint16
  m_TagString: Untagged
  m_Icon: {fileID: 0}
  m_NavMeshLayer: 0
  m_StaticEditorFlags: 0
  m_IsActive: 1
--- !u!4 &3430514459083352153
Transform:
  m_ObjectHideFlags: 0
  m_CorrespondingSourceObject: {fileID: 0}
  m_PrefabInstance: {fileID: 0}
  m_PrefabAsset: {fileID: 0}
  m_GameObject: {fileID: 697222606108468530}
  m_LocalRotation: {x: -8.280892e-11, y: 4.963855e-12, z: 1.68482e-11, w: 1}
  m_LocalPosition: {x: 0.08388694, y: -0.13372824, z: -0.010319041}
  m_LocalScale: {x: 1, y: 1, z: 1}
  m_Children: []
  m_Father: {fileID: 232931256348397405}
  m_RootOrder: 14
  m_LocalEulerAnglesHint: {x: 0, y: 0, z: 0}
--- !u!1 &870512782082181688
GameObject:
  m_ObjectHideFlags: 0
  m_CorrespondingSourceObject: {fileID: 0}
  m_PrefabInstance: {fileID: 0}
  m_PrefabAsset: {fileID: 0}
  serializedVersion: 6
  m_Component:
  - component: {fileID: 274382371931102468}
  m_Layer: 0
  m_Name: S_Aureus_Mutant_rig:joint23
  m_TagString: Untagged
  m_Icon: {fileID: 0}
  m_NavMeshLayer: 0
  m_StaticEditorFlags: 0
  m_IsActive: 1
--- !u!4 &274382371931102468
Transform:
  m_ObjectHideFlags: 0
  m_CorrespondingSourceObject: {fileID: 0}
  m_PrefabInstance: {fileID: 0}
  m_PrefabAsset: {fileID: 0}
  m_GameObject: {fileID: 870512782082181688}
  m_LocalRotation: {x: -3.966872e-12, y: -1.15374646e-11, z: -6.8123445e-12, w: 1}
  m_LocalPosition: {x: -0.16182296, y: -0.012433906, z: -0.089817844}
  m_LocalScale: {x: 1, y: 1, z: 1}
  m_Children: []
  m_Father: {fileID: 739868240202015634}
  m_RootOrder: 3
  m_LocalEulerAnglesHint: {x: 0, y: 0, z: 0}
--- !u!1 &1006264655568979322
GameObject:
  m_ObjectHideFlags: 0
  m_CorrespondingSourceObject: {fileID: 0}
  m_PrefabInstance: {fileID: 0}
  m_PrefabAsset: {fileID: 0}
  serializedVersion: 6
  m_Component:
  - component: {fileID: 2004402806840663757}
  - component: {fileID: 2621094826563842428}
  - component: {fileID: 4366555188163952569}
  m_Layer: 0
  m_Name: S_Aureus_Mutant_rig:polySurface72
  m_TagString: S A Mutant Pieces
  m_Icon: {fileID: 0}
  m_NavMeshLayer: 0
  m_StaticEditorFlags: 0
  m_IsActive: 1
--- !u!4 &2004402806840663757
Transform:
  m_ObjectHideFlags: 0
  m_CorrespondingSourceObject: {fileID: 0}
  m_PrefabInstance: {fileID: 0}
  m_PrefabAsset: {fileID: 0}
  m_GameObject: {fileID: 1006264655568979322}
  m_LocalRotation: {x: 0, y: -0, z: -0, w: 1}
  m_LocalPosition: {x: 0.0075541493, y: 0.002609768, z: -0.0012148189}
  m_LocalScale: {x: 1, y: 1, z: 1}
  m_Children: []
  m_Father: {fileID: 6969724986228008170}
  m_RootOrder: 16
  m_LocalEulerAnglesHint: {x: 0, y: 0, z: 0}
--- !u!137 &2621094826563842428
SkinnedMeshRenderer:
  m_ObjectHideFlags: 0
  m_CorrespondingSourceObject: {fileID: 0}
  m_PrefabInstance: {fileID: 0}
  m_PrefabAsset: {fileID: 0}
  m_GameObject: {fileID: 1006264655568979322}
  m_Enabled: 1
  m_CastShadows: 1
  m_ReceiveShadows: 1
  m_DynamicOccludee: 1
  m_MotionVectors: 1
  m_LightProbeUsage: 1
  m_ReflectionProbeUsage: 1
  m_RayTracingMode: 0
  m_RenderingLayerMask: 1
  m_RendererPriority: 0
  m_Materials:
  - {fileID: 2100000, guid: 8b6181a39fe660e4c836e7356c4ee971, type: 2}
  m_StaticBatchInfo:
    firstSubMesh: 0
    subMeshCount: 0
  m_StaticBatchRoot: {fileID: 0}
  m_ProbeAnchor: {fileID: 0}
  m_LightProbeVolumeOverride: {fileID: 0}
  m_ScaleInLightmap: 1
  m_ReceiveGI: 1
  m_PreserveUVs: 0
  m_IgnoreNormalsForChartDetection: 0
  m_ImportantGI: 0
  m_StitchLightmapSeams: 1
  m_SelectedEditorRenderState: 3
  m_MinimumChartSize: 4
  m_AutoUVMaxDistance: 0.5
  m_AutoUVMaxAngle: 89
  m_LightmapParameters: {fileID: 0}
  m_SortingLayerID: 0
  m_SortingLayer: 0
  m_SortingOrder: 0
  serializedVersion: 2
  m_Quality: 0
  m_UpdateWhenOffscreen: 0
  m_SkinnedMotionVectors: 1
  m_Mesh: {fileID: -4871070774426921802, guid: 845502bcfa8a1b34bbb443c7b4428a87, type: 3}
  m_Bones:
  - {fileID: 232931256348397405}
  - {fileID: 739868240202015634}
  - {fileID: 6843560043652330374}
  - {fileID: 3446614031655022314}
  - {fileID: 7540730715110831275}
  - {fileID: 9154672377902238939}
  - {fileID: 3687455592132623070}
  m_BlendShapeWeights: []
  m_RootBone: {fileID: 232931256348397405}
  m_AABB:
    m_Center: {x: -0.04967858, y: 0.36496794, z: -0.104828425}
    m_Extent: {x: 0.05896548, y: 0.059615523, z: 0.057402425}
  m_DirtyAABB: 0
--- !u!64 &4366555188163952569
MeshCollider:
  m_ObjectHideFlags: 0
  m_CorrespondingSourceObject: {fileID: 0}
  m_PrefabInstance: {fileID: 0}
  m_PrefabAsset: {fileID: 0}
  m_GameObject: {fileID: 1006264655568979322}
  m_Material: {fileID: 0}
  m_IsTrigger: 0
  m_Enabled: 1
  serializedVersion: 4
  m_Convex: 0
  m_CookingOptions: 30
  m_Mesh: {fileID: 0}
--- !u!1 &1210866981182095326
GameObject:
  m_ObjectHideFlags: 0
  m_CorrespondingSourceObject: {fileID: 0}
  m_PrefabInstance: {fileID: 0}
  m_PrefabAsset: {fileID: 0}
  serializedVersion: 6
  m_Component:
  - component: {fileID: 3193559335935298312}
  - component: {fileID: 2544240500693160946}
  - component: {fileID: 4366555188163952574}
  m_Layer: 0
  m_Name: S_Aureus_Mutant_rig:polySurface67
  m_TagString: S A Mutant Pieces
  m_Icon: {fileID: 0}
  m_NavMeshLayer: 0
  m_StaticEditorFlags: 0
  m_IsActive: 1
--- !u!4 &3193559335935298312
Transform:
  m_ObjectHideFlags: 0
  m_CorrespondingSourceObject: {fileID: 0}
  m_PrefabInstance: {fileID: 0}
  m_PrefabAsset: {fileID: 0}
  m_GameObject: {fileID: 1210866981182095326}
  m_LocalRotation: {x: 0, y: -0, z: -0, w: 1}
  m_LocalPosition: {x: 0.0075541493, y: 0.002609768, z: -0.0012148189}
  m_LocalScale: {x: 1, y: 1, z: 1}
  m_Children: []
  m_Father: {fileID: 6969724986228008170}
  m_RootOrder: 11
  m_LocalEulerAnglesHint: {x: 0, y: 0, z: 0}
--- !u!137 &2544240500693160946
SkinnedMeshRenderer:
  m_ObjectHideFlags: 0
  m_CorrespondingSourceObject: {fileID: 0}
  m_PrefabInstance: {fileID: 0}
  m_PrefabAsset: {fileID: 0}
  m_GameObject: {fileID: 1210866981182095326}
  m_Enabled: 1
  m_CastShadows: 1
  m_ReceiveShadows: 1
  m_DynamicOccludee: 1
  m_MotionVectors: 1
  m_LightProbeUsage: 1
  m_ReflectionProbeUsage: 1
  m_RayTracingMode: 0
  m_RenderingLayerMask: 1
  m_RendererPriority: 0
  m_Materials:
  - {fileID: 2100000, guid: 8b6181a39fe660e4c836e7356c4ee971, type: 2}
  m_StaticBatchInfo:
    firstSubMesh: 0
    subMeshCount: 0
  m_StaticBatchRoot: {fileID: 0}
  m_ProbeAnchor: {fileID: 0}
  m_LightProbeVolumeOverride: {fileID: 0}
  m_ScaleInLightmap: 1
  m_ReceiveGI: 1
  m_PreserveUVs: 0
  m_IgnoreNormalsForChartDetection: 0
  m_ImportantGI: 0
  m_StitchLightmapSeams: 1
  m_SelectedEditorRenderState: 3
  m_MinimumChartSize: 4
  m_AutoUVMaxDistance: 0.5
  m_AutoUVMaxAngle: 89
  m_LightmapParameters: {fileID: 0}
  m_SortingLayerID: 0
  m_SortingLayer: 0
  m_SortingOrder: 0
  serializedVersion: 2
  m_Quality: 0
  m_UpdateWhenOffscreen: 0
  m_SkinnedMotionVectors: 1
  m_Mesh: {fileID: 8260883978916813503, guid: 845502bcfa8a1b34bbb443c7b4428a87, type: 3}
  m_Bones:
  - {fileID: 232931256348397405}
  - {fileID: 739868240202015634}
  - {fileID: 3040186236515795330}
  - {fileID: 1205793673507880670}
  - {fileID: 6112842262282333575}
  - {fileID: 2573414498799873246}
  - {fileID: 4088584766192395688}
  - {fileID: 5399409981608718076}
  - {fileID: 4141823880128400578}
  - {fileID: 6433665465936153239}
  - {fileID: 4094901959344819417}
  - {fileID: 8936785771997962779}
  - {fileID: 6984715009941567874}
  - {fileID: 4811564216109623136}
  - {fileID: 3430514459083352153}
  - {fileID: 2971946792071692731}
  - {fileID: 4428552035762732602}
  m_BlendShapeWeights: []
  m_RootBone: {fileID: 232931256348397405}
  m_AABB:
    m_Center: {x: -0.021557894, y: -0.06996385, z: -0.13296443}
    m_Extent: {x: 0.12983601, y: 0.124083556, z: 0.12822622}
  m_DirtyAABB: 0
--- !u!64 &4366555188163952574
MeshCollider:
  m_ObjectHideFlags: 0
  m_CorrespondingSourceObject: {fileID: 0}
  m_PrefabInstance: {fileID: 0}
  m_PrefabAsset: {fileID: 0}
  m_GameObject: {fileID: 1210866981182095326}
  m_Material: {fileID: 0}
  m_IsTrigger: 0
  m_Enabled: 1
  serializedVersion: 4
  m_Convex: 0
  m_CookingOptions: 30
  m_Mesh: {fileID: 0}
--- !u!1 &1318055051856466032
GameObject:
  m_ObjectHideFlags: 0
  m_CorrespondingSourceObject: {fileID: 0}
  m_PrefabInstance: {fileID: 0}
  m_PrefabAsset: {fileID: 0}
  serializedVersion: 6
  m_Component:
  - component: {fileID: 1205793673507880670}
  m_Layer: 0
  m_Name: S_Aureus_Mutant_rig:joint4
  m_TagString: Untagged
  m_Icon: {fileID: 0}
  m_NavMeshLayer: 0
  m_StaticEditorFlags: 0
  m_IsActive: 1
--- !u!4 &1205793673507880670
Transform:
  m_ObjectHideFlags: 0
  m_CorrespondingSourceObject: {fileID: 0}
  m_PrefabInstance: {fileID: 0}
  m_PrefabAsset: {fileID: 0}
  m_GameObject: {fileID: 1318055051856466032}
  m_LocalRotation: {x: -4.26344e-11, y: 1.030144e-10, z: 3.6139566e-12, w: 1}
  m_LocalPosition: {x: 0.13582392, y: 0.056907162, z: -0.052168716}
  m_LocalScale: {x: 1, y: 1, z: 1}
  m_Children:
  - {fileID: 5971862762102196722}
  - {fileID: 6112842262282333575}
  - {fileID: 1244357317753518357}
  - {fileID: 4192632636495573340}
  m_Father: {fileID: 232931256348397405}
  m_RootOrder: 2
  m_LocalEulerAnglesHint: {x: 0, y: 0, z: 0}
--- !u!1 &1685599208860538844
GameObject:
  m_ObjectHideFlags: 0
  m_CorrespondingSourceObject: {fileID: 0}
  m_PrefabInstance: {fileID: 0}
  m_PrefabAsset: {fileID: 0}
  serializedVersion: 6
  m_Component:
  - component: {fileID: 3446614031655022314}
  m_Layer: 0
  m_Name: S_Aureus_Mutant_rig:joint3
  m_TagString: Untagged
  m_Icon: {fileID: 0}
  m_NavMeshLayer: 0
  m_StaticEditorFlags: 0
  m_IsActive: 1
--- !u!4 &3446614031655022314
Transform:
  m_ObjectHideFlags: 0
  m_CorrespondingSourceObject: {fileID: 0}
  m_PrefabInstance: {fileID: 0}
  m_PrefabAsset: {fileID: 0}
  m_GameObject: {fileID: 1685599208860538844}
  m_LocalRotation: {x: 1.3921787e-11, y: 6.452163e-11, z: 4.8432383e-11, w: 1}
  m_LocalPosition: {x: -0.080395445, y: 0.2551262, z: 0.105141796}
  m_LocalScale: {x: 1, y: 1, z: 1}
  m_Children:
  - {fileID: 621786610699958411}
  - {fileID: 8810795299790450194}
  - {fileID: 9196810279685297913}
  - {fileID: 8172428839262757122}
  m_Father: {fileID: 232931256348397405}
  m_RootOrder: 1
  m_LocalEulerAnglesHint: {x: 0, y: 0, z: 0}
--- !u!1 &1711947883785676744
GameObject:
  m_ObjectHideFlags: 0
  m_CorrespondingSourceObject: {fileID: 0}
  m_PrefabInstance: {fileID: 0}
  m_PrefabAsset: {fileID: 0}
  serializedVersion: 6
  m_Component:
  - component: {fileID: 7086969246841363136}
  - component: {fileID: 8769691069428091699}
  - component: {fileID: 4366555188163952545}
  m_Layer: 0
  m_Name: S_Aureus_Mutant_rig:polySurface64
  m_TagString: S A Mutant Pieces
  m_Icon: {fileID: 0}
  m_NavMeshLayer: 0
  m_StaticEditorFlags: 0
  m_IsActive: 1
--- !u!4 &7086969246841363136
Transform:
  m_ObjectHideFlags: 0
  m_CorrespondingSourceObject: {fileID: 0}
  m_PrefabInstance: {fileID: 0}
  m_PrefabAsset: {fileID: 0}
  m_GameObject: {fileID: 1711947883785676744}
  m_LocalRotation: {x: 0, y: -0, z: -0, w: 1}
  m_LocalPosition: {x: 0.0075541493, y: 0.002609768, z: -0.0012148189}
  m_LocalScale: {x: 1, y: 1, z: 1}
  m_Children: []
  m_Father: {fileID: 6969724986228008170}
  m_RootOrder: 8
  m_LocalEulerAnglesHint: {x: 0, y: 0, z: 0}
--- !u!137 &8769691069428091699
SkinnedMeshRenderer:
  m_ObjectHideFlags: 0
  m_CorrespondingSourceObject: {fileID: 0}
  m_PrefabInstance: {fileID: 0}
  m_PrefabAsset: {fileID: 0}
  m_GameObject: {fileID: 1711947883785676744}
  m_Enabled: 1
  m_CastShadows: 1
  m_ReceiveShadows: 1
  m_DynamicOccludee: 1
  m_MotionVectors: 1
  m_LightProbeUsage: 1
  m_ReflectionProbeUsage: 1
  m_RayTracingMode: 0
  m_RenderingLayerMask: 1
  m_RendererPriority: 0
  m_Materials:
  - {fileID: 2100000, guid: 8b6181a39fe660e4c836e7356c4ee971, type: 2}
  m_StaticBatchInfo:
    firstSubMesh: 0
    subMeshCount: 0
  m_StaticBatchRoot: {fileID: 0}
  m_ProbeAnchor: {fileID: 0}
  m_LightProbeVolumeOverride: {fileID: 0}
  m_ScaleInLightmap: 1
  m_ReceiveGI: 1
  m_PreserveUVs: 0
  m_IgnoreNormalsForChartDetection: 0
  m_ImportantGI: 0
  m_StitchLightmapSeams: 1
  m_SelectedEditorRenderState: 3
  m_MinimumChartSize: 4
  m_AutoUVMaxDistance: 0.5
  m_AutoUVMaxAngle: 89
  m_LightmapParameters: {fileID: 0}
  m_SortingLayerID: 0
  m_SortingLayer: 0
  m_SortingOrder: 0
  serializedVersion: 2
  m_Quality: 0
  m_UpdateWhenOffscreen: 0
  m_SkinnedMotionVectors: 1
  m_Mesh: {fileID: 2115936720230803762, guid: 845502bcfa8a1b34bbb443c7b4428a87, type: 3}
  m_Bones:
  - {fileID: 232931256348397405}
  - {fileID: 1205793673507880670}
  - {fileID: 2573414498799873246}
  - {fileID: 4094901959344819417}
  - {fileID: 8936785771997962779}
  - {fileID: 866394186929050583}
  - {fileID: 6984715009941567874}
  - {fileID: 4811564216109623136}
  - {fileID: 3430514459083352153}
  - {fileID: 2971946792071692731}
  m_BlendShapeWeights: []
  m_RootBone: {fileID: 232931256348397405}
  m_AABB:
    m_Center: {x: 0.046499632, y: -0.09954093, z: 0.05598204}
    m_Extent: {x: 0.062407397, y: 0.06423106, z: 0.06797397}
  m_DirtyAABB: 0
--- !u!64 &4366555188163952545
MeshCollider:
  m_ObjectHideFlags: 0
  m_CorrespondingSourceObject: {fileID: 0}
  m_PrefabInstance: {fileID: 0}
  m_PrefabAsset: {fileID: 0}
  m_GameObject: {fileID: 1711947883785676744}
  m_Material: {fileID: 0}
  m_IsTrigger: 0
  m_Enabled: 1
  serializedVersion: 4
  m_Convex: 0
  m_CookingOptions: 30
  m_Mesh: {fileID: 0}
--- !u!1 &1784866510040877306
GameObject:
  m_ObjectHideFlags: 0
  m_CorrespondingSourceObject: {fileID: 0}
  m_PrefabInstance: {fileID: 0}
  m_PrefabAsset: {fileID: 0}
  serializedVersion: 6
  m_Component:
  - component: {fileID: 5399409981608718076}
  m_Layer: 0
  m_Name: S_Aureus_Mutant_rig:joint34
  m_TagString: Untagged
  m_Icon: {fileID: 0}
  m_NavMeshLayer: 0
  m_StaticEditorFlags: 0
  m_IsActive: 1
--- !u!4 &5399409981608718076
Transform:
  m_ObjectHideFlags: 0
  m_CorrespondingSourceObject: {fileID: 0}
  m_PrefabInstance: {fileID: 0}
  m_PrefabAsset: {fileID: 0}
  m_GameObject: {fileID: 1784866510040877306}
  m_LocalRotation: {x: 2.7838181e-11, y: 1.18090355e-11, z: 1.12291634e-10, w: 1}
  m_LocalPosition: {x: -0.07216679, y: -0.09244469, z: 0.01759553}
  m_LocalScale: {x: 1, y: 1, z: 1}
  m_Children: []
  m_Father: {fileID: 2573414498799873246}
  m_RootOrder: 2
  m_LocalEulerAnglesHint: {x: 0, y: 0, z: 0}
--- !u!1 &1897584640866719480
GameObject:
  m_ObjectHideFlags: 0
  m_CorrespondingSourceObject: {fileID: 0}
  m_PrefabInstance: {fileID: 0}
  m_PrefabAsset: {fileID: 0}
  serializedVersion: 6
  m_Component:
  - component: {fileID: 4094901959344819417}
  m_Layer: 0
  m_Name: S_Aureus_Mutant_rig:joint7
  m_TagString: Untagged
  m_Icon: {fileID: 0}
  m_NavMeshLayer: 0
  m_StaticEditorFlags: 0
  m_IsActive: 1
--- !u!4 &4094901959344819417
Transform:
  m_ObjectHideFlags: 0
  m_CorrespondingSourceObject: {fileID: 0}
  m_PrefabInstance: {fileID: 0}
  m_PrefabAsset: {fileID: 0}
  m_GameObject: {fileID: 1897584640866719480}
  m_LocalRotation: {x: -3.6982205e-12, y: 1.6986534e-10, z: -1.536946e-10, w: 1}
  m_LocalPosition: {x: -0.03164683, y: -0.2655717, z: 0.01007103}
  m_LocalScale: {x: 1, y: 1, z: 1}
  m_Children: []
  m_Father: {fileID: 232931256348397405}
  m_RootOrder: 5
  m_LocalEulerAnglesHint: {x: 0, y: 0, z: 0}
--- !u!1 &2075300057203852078
GameObject:
  m_ObjectHideFlags: 0
  m_CorrespondingSourceObject: {fileID: 0}
  m_PrefabInstance: {fileID: 0}
  m_PrefabAsset: {fileID: 0}
  serializedVersion: 6
  m_Component:
  - component: {fileID: 739868240202015634}
  m_Layer: 0
  m_Name: S_Aureus_Mutant_rig:joint2
  m_TagString: Untagged
  m_Icon: {fileID: 0}
  m_NavMeshLayer: 0
  m_StaticEditorFlags: 0
  m_IsActive: 1
--- !u!4 &739868240202015634
Transform:
  m_ObjectHideFlags: 0
  m_CorrespondingSourceObject: {fileID: 0}
  m_PrefabInstance: {fileID: 0}
  m_PrefabAsset: {fileID: 0}
  m_GameObject: {fileID: 2075300057203852078}
  m_LocalRotation: {x: -2.4151035e-12, y: 3.4488083e-12, z: 3.4509708e-13, w: 1}
  m_LocalPosition: {x: -0.084386945, y: 0.20505816, z: -0.07838331}
  m_LocalScale: {x: 1, y: 1, z: 1}
  m_Children:
  - {fileID: 3040186236515795330}
  - {fileID: 6843560043652330374}
  - {fileID: 2539572861544037804}
  - {fileID: 274382371931102468}
  m_Father: {fileID: 232931256348397405}
  m_RootOrder: 0
  m_LocalEulerAnglesHint: {x: 0, y: 0, z: 0}
--- !u!1 &2699818304875259319
GameObject:
  m_ObjectHideFlags: 0
  m_CorrespondingSourceObject: {fileID: 0}
  m_PrefabInstance: {fileID: 0}
  m_PrefabAsset: {fileID: 0}
  serializedVersion: 6
  m_Component:
  - component: {fileID: 232931256348397405}
  m_Layer: 0
  m_Name: S_Aureus_Mutant_rig:Joints_root
  m_TagString: Untagged
  m_Icon: {fileID: 0}
  m_NavMeshLayer: 0
  m_StaticEditorFlags: 0
  m_IsActive: 1
--- !u!4 &232931256348397405
Transform:
  m_ObjectHideFlags: 0
  m_CorrespondingSourceObject: {fileID: 0}
  m_PrefabInstance: {fileID: 0}
  m_PrefabAsset: {fileID: 0}
  m_GameObject: {fileID: 2699818304875259319}
  m_LocalRotation: {x: 0.009545371, y: -0.08031984, z: 0.028226092, w: 0.9963237}
  m_LocalPosition: {x: -0, y: -0.060806926, z: 0.010319041}
  m_LocalScale: {x: 1, y: 1, z: 1}
  m_Children:
  - {fileID: 739868240202015634}
  - {fileID: 3446614031655022314}
  - {fileID: 1205793673507880670}
  - {fileID: 2573414498799873246}
  - {fileID: 5561423794364465589}
  - {fileID: 4094901959344819417}
  - {fileID: 8936785771997962779}
  - {fileID: 7540730715110831275}
  - {fileID: 866394186929050583}
  - {fileID: 6984715009941567874}
  - {fileID: 4811564216109623136}
  - {fileID: 5685855293903726639}
  - {fileID: 9154672377902238939}
  - {fileID: 3687455592132623070}
  - {fileID: 3430514459083352153}
  - {fileID: 2971946792071692731}
  - {fileID: 759553887594252538}
  - {fileID: 4428552035762732602}
  m_Father: {fileID: 4256930457823468458}
  m_RootOrder: 0
  m_LocalEulerAnglesHint: {x: 0, y: 0, z: 0}
--- !u!1 &2744136432517486099
GameObject:
  m_ObjectHideFlags: 0
  m_CorrespondingSourceObject: {fileID: 0}
  m_PrefabInstance: {fileID: 0}
  m_PrefabAsset: {fileID: 0}
  serializedVersion: 6
  m_Component:
  - component: {fileID: 9154672377902238939}
  m_Layer: 0
  m_Name: S_Aureus_Mutant_rig:joint14
  m_TagString: Untagged
  m_Icon: {fileID: 0}
  m_NavMeshLayer: 0
  m_StaticEditorFlags: 0
  m_IsActive: 1
--- !u!4 &9154672377902238939
Transform:
  m_ObjectHideFlags: 0
  m_CorrespondingSourceObject: {fileID: 0}
  m_PrefabInstance: {fileID: 0}
  m_PrefabAsset: {fileID: 0}
  m_GameObject: {fileID: 2744136432517486099}
  m_LocalRotation: {x: -3.8539016e-11, y: 2.6496622e-10, z: 3.0720606e-12, w: 1}
  m_LocalPosition: {x: -0.05156803, y: 0.37657645, z: -0.1047209}
  m_LocalScale: {x: 1, y: 1, z: 1}
  m_Children: []
  m_Father: {fileID: 232931256348397405}
  m_RootOrder: 12
  m_LocalEulerAnglesHint: {x: 0, y: 0, z: 0}
--- !u!1 &2949878302315816679
GameObject:
  m_ObjectHideFlags: 0
  m_CorrespondingSourceObject: {fileID: 0}
  m_PrefabInstance: {fileID: 0}
  m_PrefabAsset: {fileID: 0}
  serializedVersion: 6
  m_Component:
  - component: {fileID: 5561423794364465589}
  m_Layer: 0
  m_Name: S_Aureus_Mutant_rig:joint6
  m_TagString: Untagged
  m_Icon: {fileID: 0}
  m_NavMeshLayer: 0
  m_StaticEditorFlags: 0
  m_IsActive: 1
--- !u!4 &5561423794364465589
Transform:
  m_ObjectHideFlags: 0
  m_CorrespondingSourceObject: {fileID: 0}
  m_PrefabInstance: {fileID: 0}
  m_PrefabAsset: {fileID: 0}
  m_GameObject: {fileID: 2949878302315816679}
  m_LocalRotation: {x: 8.597664e-12, y: 8.1997055e-11, z: 6.0990982e-12, w: 1}
  m_LocalPosition: {x: 0.048591614, y: 0.19511728, z: 0.10287918}
  m_LocalScale: {x: 1, y: 1, z: 1}
  m_Children: []
  m_Father: {fileID: 232931256348397405}
  m_RootOrder: 4
  m_LocalEulerAnglesHint: {x: 0, y: 0, z: 0}
--- !u!1 &3368067005859901904
GameObject:
  m_ObjectHideFlags: 0
  m_CorrespondingSourceObject: {fileID: 0}
  m_PrefabInstance: {fileID: 0}
  m_PrefabAsset: {fileID: 0}
  serializedVersion: 6
  m_Component:
  - component: {fileID: 2539572861544037804}
  m_Layer: 0
  m_Name: S_Aureus_Mutant_rig:joint22
  m_TagString: Untagged
  m_Icon: {fileID: 0}
  m_NavMeshLayer: 0
  m_StaticEditorFlags: 0
  m_IsActive: 1
--- !u!4 &2539572861544037804
Transform:
  m_ObjectHideFlags: 0
  m_CorrespondingSourceObject: {fileID: 0}
  m_PrefabInstance: {fileID: 0}
  m_PrefabAsset: {fileID: 0}
  m_GameObject: {fileID: 3368067005859901904}
  m_LocalRotation: {x: -5.327419e-12, y: -2.1708494e-12, z: -1.1405038e-13, w: 1}
  m_LocalPosition: {x: -0.14367048, y: -0.10053749, z: 0.062311955}
  m_LocalScale: {x: 1, y: 1, z: 1}
  m_Children: []
  m_Father: {fileID: 739868240202015634}
  m_RootOrder: 2
  m_LocalEulerAnglesHint: {x: 0, y: 0, z: 0}
--- !u!1 &3483665286373802256
GameObject:
  m_ObjectHideFlags: 0
  m_CorrespondingSourceObject: {fileID: 0}
  m_PrefabInstance: {fileID: 0}
  m_PrefabAsset: {fileID: 0}
  serializedVersion: 6
  m_Component:
  - component: {fileID: 4256930457823468458}
  - component: {fileID: 7922829443861971408}
  - component: {fileID: 4366555188163952627}
  - component: {fileID: 4366555188163952566}
  m_Layer: 0
  m_Name: SA Mutant
  m_TagString: S A Mutant
  m_Icon: {fileID: 0}
  m_NavMeshLayer: 0
  m_StaticEditorFlags: 0
  m_IsActive: 1
--- !u!4 &4256930457823468458
Transform:
  m_ObjectHideFlags: 0
  m_CorrespondingSourceObject: {fileID: 0}
  m_PrefabInstance: {fileID: 0}
  m_PrefabAsset: {fileID: 0}
  m_GameObject: {fileID: 3483665286373802256}
  m_LocalRotation: {x: 0, y: 0, z: 0, w: 1}
  m_LocalPosition: {x: -917, y: 166.3, z: 619.2}
  m_LocalScale: {x: 44.573475, y: 44.573475, z: 44.573475}
  m_Children:
  - {fileID: 232931256348397405}
  - {fileID: 6969724986228008170}
  m_Father: {fileID: 0}
  m_RootOrder: 0
  m_LocalEulerAnglesHint: {x: 0, y: 0, z: 0}
--- !u!95 &7922829443861971408
Animator:
  serializedVersion: 3
  m_ObjectHideFlags: 0
  m_CorrespondingSourceObject: {fileID: 0}
  m_PrefabInstance: {fileID: 0}
  m_PrefabAsset: {fileID: 0}
  m_GameObject: {fileID: 3483665286373802256}
  m_Enabled: 1
  m_Avatar: {fileID: 9000000, guid: 845502bcfa8a1b34bbb443c7b4428a87, type: 3}
  m_Controller: {fileID: 9100000, guid: 3aa6914b11c0a664db41051ef6d9fd85, type: 2}
  m_CullingMode: 1
  m_UpdateMode: 0
  m_ApplyRootMotion: 0
  m_LinearVelocityBlending: 0
  m_WarningMessage: 
  m_HasTransformHierarchy: 1
  m_AllowConstantClipSamplingOptimization: 1
  m_KeepAnimatorControllerStateOnDisable: 0
--- !u!54 &4366555188163952627
Rigidbody:
  m_ObjectHideFlags: 0
  m_CorrespondingSourceObject: {fileID: 0}
  m_PrefabInstance: {fileID: 0}
  m_PrefabAsset: {fileID: 0}
  m_GameObject: {fileID: 3483665286373802256}
  serializedVersion: 2
  m_Mass: 1
  m_Drag: 0
  m_AngularDrag: 0.05
  m_UseGravity: 0
  m_IsKinematic: 1
  m_Interpolate: 0
  m_Constraints: 0
  m_CollisionDetection: 0
--- !u!135 &4366555188163952566
SphereCollider:
  m_ObjectHideFlags: 0
  m_CorrespondingSourceObject: {fileID: 0}
  m_PrefabInstance: {fileID: 0}
  m_PrefabAsset: {fileID: 0}
  m_GameObject: {fileID: 3483665286373802256}
  m_Material: {fileID: 0}
  m_IsTrigger: 0
  m_Enabled: 1
  serializedVersion: 2
  m_Radius: 0.35228324
  m_Center: {x: -0.023990111, y: 0.011627801, z: -0.009893734}
--- !u!1 &3667036591895706093
GameObject:
  m_ObjectHideFlags: 0
  m_CorrespondingSourceObject: {fileID: 0}
  m_PrefabInstance: {fileID: 0}
  m_PrefabAsset: {fileID: 0}
  serializedVersion: 6
  m_Component:
  - component: {fileID: 6112842262282333575}
  m_Layer: 0
  m_Name: S_Aureus_Mutant_rig:joint29
  m_TagString: Untagged
  m_Icon: {fileID: 0}
  m_NavMeshLayer: 0
  m_StaticEditorFlags: 0
  m_IsActive: 1
--- !u!4 &6112842262282333575
Transform:
  m_ObjectHideFlags: 0
  m_CorrespondingSourceObject: {fileID: 0}
  m_PrefabInstance: {fileID: 0}
  m_PrefabAsset: {fileID: 0}
  m_GameObject: {fileID: 3667036591895706093}
  m_LocalRotation: {x: 1.7684902e-12, y: -4.1477954e-12, z: -8.047029e-12, w: 1}
  m_LocalPosition: {x: 0.01976866, y: -0.07970422, z: -0.105719104}
  m_LocalScale: {x: 1, y: 1, z: 1}
  m_Children: []
  m_Father: {fileID: 1205793673507880670}
  m_RootOrder: 1
  m_LocalEulerAnglesHint: {x: 0, y: 0, z: 0}
--- !u!1 &3692727221573203405
GameObject:
  m_ObjectHideFlags: 0
  m_CorrespondingSourceObject: {fileID: 0}
  m_PrefabInstance: {fileID: 0}
  m_PrefabAsset: {fileID: 0}
  serializedVersion: 6
  m_Component:
  - component: {fileID: 5685855293903726639}
  m_Layer: 0
  m_Name: S_Aureus_Mutant_rig:joint13
  m_TagString: Untagged
  m_Icon: {fileID: 0}
  m_NavMeshLayer: 0
  m_StaticEditorFlags: 0
  m_IsActive: 1
--- !u!4 &5685855293903726639
Transform:
  m_ObjectHideFlags: 0
  m_CorrespondingSourceObject: {fileID: 0}
  m_PrefabInstance: {fileID: 0}
  m_PrefabAsset: {fileID: 0}
  m_GameObject: {fileID: 3692727221573203405}
  m_LocalRotation: {x: 2.5605152e-11, y: -8.19972e-11, z: -2.9547326e-12, w: 1}
  m_LocalPosition: {x: 0.09147637, y: 0.21389301, z: -0.015619568}
  m_LocalScale: {x: 1, y: 1, z: 1}
  m_Children: []
  m_Father: {fileID: 232931256348397405}
  m_RootOrder: 11
  m_LocalEulerAnglesHint: {x: 0, y: 0, z: 0}
--- !u!1 &3896619990381377873
GameObject:
  m_ObjectHideFlags: 0
  m_CorrespondingSourceObject: {fileID: 0}
  m_PrefabInstance: {fileID: 0}
  m_PrefabAsset: {fileID: 0}
  serializedVersion: 6
  m_Component:
  - component: {fileID: 8761789076999566813}
  - component: {fileID: 5329207051166419474}
  - component: {fileID: 4366555188163952553}
  - component: {fileID: 4366555188163952554}
  m_Layer: 0
  m_Name: S_Aureus_Mutant_rig:core
  m_TagString: S A Mutant Pieces
  m_Icon: {fileID: 0}
  m_NavMeshLayer: 0
  m_StaticEditorFlags: 0
  m_IsActive: 1
--- !u!4 &8761789076999566813
Transform:
  m_ObjectHideFlags: 0
  m_CorrespondingSourceObject: {fileID: 0}
  m_PrefabInstance: {fileID: 0}
  m_PrefabAsset: {fileID: 0}
  m_GameObject: {fileID: 3896619990381377873}
  m_LocalRotation: {x: -0.30779976, y: 0.01240936, z: 0.16983122, w: 0.93608904}
  m_LocalPosition: {x: 0.014867954, y: -0.3234853, z: 0.36883506}
  m_LocalScale: {x: 1, y: 1, z: 1}
  m_Children: []
  m_Father: {fileID: 6969724986228008170}
  m_RootOrder: 0
  m_LocalEulerAnglesHint: {x: 0, y: 0, z: 0}
--- !u!137 &5329207051166419474
SkinnedMeshRenderer:
  m_ObjectHideFlags: 0
  m_CorrespondingSourceObject: {fileID: 0}
  m_PrefabInstance: {fileID: 0}
  m_PrefabAsset: {fileID: 0}
  m_GameObject: {fileID: 3896619990381377873}
  m_Enabled: 1
  m_CastShadows: 1
  m_ReceiveShadows: 1
  m_DynamicOccludee: 1
  m_MotionVectors: 1
  m_LightProbeUsage: 1
  m_ReflectionProbeUsage: 1
  m_RayTracingMode: 0
  m_RenderingLayerMask: 1
  m_RendererPriority: 0
  m_Materials:
  - {fileID: 2100000, guid: 55836a1d0d7b1d54ab8bd56de2b51455, type: 2}
  m_StaticBatchInfo:
    firstSubMesh: 0
    subMeshCount: 0
  m_StaticBatchRoot: {fileID: 0}
  m_ProbeAnchor: {fileID: 0}
  m_LightProbeVolumeOverride: {fileID: 0}
  m_ScaleInLightmap: 1
  m_ReceiveGI: 1
  m_PreserveUVs: 0
  m_IgnoreNormalsForChartDetection: 0
  m_ImportantGI: 0
  m_StitchLightmapSeams: 1
  m_SelectedEditorRenderState: 3
  m_MinimumChartSize: 4
  m_AutoUVMaxDistance: 0.5
  m_AutoUVMaxAngle: 89
  m_LightmapParameters: {fileID: 0}
  m_SortingLayerID: 0
  m_SortingLayer: 0
  m_SortingOrder: 0
  serializedVersion: 2
  m_Quality: 0
  m_UpdateWhenOffscreen: 0
  m_SkinnedMotionVectors: 1
  m_Mesh: {fileID: 7795623608065113750, guid: 845502bcfa8a1b34bbb443c7b4428a87, type: 3}
  m_Bones:
  - {fileID: 232931256348397405}
  - {fileID: 739868240202015634}
  - {fileID: 2539572861544037804}
  - {fileID: 3446614031655022314}
  - {fileID: 8172428839262757122}
  - {fileID: 1205793673507880670}
  - {fileID: 4192632636495573340}
  - {fileID: 1244357317753518357}
  - {fileID: 6112842262282333575}
  - {fileID: 2573414498799873246}
  - {fileID: 4141823880128400578}
  - {fileID: 5561423794364465589}
  - {fileID: 8936785771997962779}
  - {fileID: 7540730715110831275}
  - {fileID: 866394186929050583}
  - {fileID: 6984715009941567874}
  - {fileID: 4811564216109623136}
  - {fileID: 5685855293903726639}
  - {fileID: 3430514459083352153}
  - {fileID: 2971946792071692731}
  - {fileID: 759553887594252538}
  - {fileID: 4428552035762732602}
  m_BlendShapeWeights: []
  m_RootBone: {fileID: 232931256348397405}
  m_AABB:
    m_Center: {x: 0.01067239, y: 0.062829986, z: 0.031291977}
    m_Extent: {x: 0.09926662, y: 0.1336822, z: 0.09752686}
  m_DirtyAABB: 0
--- !u!64 &4366555188163952553
MeshCollider:
  m_ObjectHideFlags: 0
  m_CorrespondingSourceObject: {fileID: 0}
  m_PrefabInstance: {fileID: 0}
  m_PrefabAsset: {fileID: 0}
  m_GameObject: {fileID: 3896619990381377873}
  m_Material: {fileID: 0}
  m_IsTrigger: 0
  m_Enabled: 1
  serializedVersion: 4
  m_Convex: 0
  m_CookingOptions: 30
  m_Mesh: {fileID: 0}
--- !u!114 &4366555188163952554
MonoBehaviour:
  m_ObjectHideFlags: 0
  m_CorrespondingSourceObject: {fileID: 0}
  m_PrefabInstance: {fileID: 0}
  m_PrefabAsset: {fileID: 0}
  m_GameObject: {fileID: 3896619990381377873}
  m_Enabled: 1
  m_EditorHideFlags: 0
  m_Script: {fileID: 11500000, guid: 62568b51af03ef24793b6588393bdc4f, type: 3}
  m_Name: 
  m_EditorClassIdentifier: 
  lightSelected: {fileID: 3896619990381377873}
  isLightOn: 0
  minTime: 0.06
  maxTime: 0.6
  randomTime: 0
--- !u!1 &4271759749434347925
GameObject:
  m_ObjectHideFlags: 0
  m_CorrespondingSourceObject: {fileID: 0}
  m_PrefabInstance: {fileID: 0}
  m_PrefabAsset: {fileID: 0}
  serializedVersion: 6
  m_Component:
  - component: {fileID: 6843560043652330374}
  m_Layer: 0
  m_Name: S_Aureus_Mutant_rig:joint21
  m_TagString: Untagged
  m_Icon: {fileID: 0}
  m_NavMeshLayer: 0
  m_StaticEditorFlags: 0
  m_IsActive: 1
--- !u!4 &6843560043652330374
Transform:
  m_ObjectHideFlags: 0
  m_CorrespondingSourceObject: {fileID: 0}
  m_PrefabInstance: {fileID: 0}
  m_PrefabAsset: {fileID: 0}
  m_GameObject: {fileID: 4271759749434347925}
  m_LocalRotation: {x: -2.3322748e-12, y: -5.2967114e-12, z: 1.4891607e-11, w: 1}
  m_LocalPosition: {x: -0.09629611, y: 0.068271205, z: -0.05615719}
  m_LocalScale: {x: 1, y: 1, z: 1}
  m_Children: []
  m_Father: {fileID: 739868240202015634}
  m_RootOrder: 1
  m_LocalEulerAnglesHint: {x: 0, y: 0, z: 0}
--- !u!1 &4462719382761569776
GameObject:
  m_ObjectHideFlags: 0
  m_CorrespondingSourceObject: {fileID: 0}
  m_PrefabInstance: {fileID: 0}
  m_PrefabAsset: {fileID: 0}
  serializedVersion: 6
  m_Component:
  - component: {fileID: 759553887594252538}
  m_Layer: 0
  m_Name: S_Aureus_Mutant_rig:joint18
  m_TagString: Untagged
  m_Icon: {fileID: 0}
  m_NavMeshLayer: 0
  m_StaticEditorFlags: 0
  m_IsActive: 1
--- !u!4 &759553887594252538
Transform:
  m_ObjectHideFlags: 0
  m_CorrespondingSourceObject: {fileID: 0}
  m_PrefabInstance: {fileID: 0}
  m_PrefabAsset: {fileID: 0}
  m_GameObject: {fileID: 4462719382761569776}
  m_LocalRotation: {x: -4.1299915e-12, y: 2.5697129e-12, z: 1.4068987e-12, w: 1}
  m_LocalPosition: {x: -0.04287488, y: 0.10803371, z: 0.12395289}
  m_LocalScale: {x: 1, y: 1, z: 1}
  m_Children: []
  m_Father: {fileID: 232931256348397405}
  m_RootOrder: 16
  m_LocalEulerAnglesHint: {x: 0, y: 0, z: 0}
--- !u!1 &4504281343289965982
GameObject:
  m_ObjectHideFlags: 0
  m_CorrespondingSourceObject: {fileID: 0}
  m_PrefabInstance: {fileID: 0}
  m_PrefabAsset: {fileID: 0}
  serializedVersion: 6
  m_Component:
  - component: {fileID: 4141823880128400578}
  m_Layer: 0
  m_Name: S_Aureus_Mutant_rig:joint33
  m_TagString: Untagged
  m_Icon: {fileID: 0}
  m_NavMeshLayer: 0
  m_StaticEditorFlags: 0
  m_IsActive: 1
--- !u!4 &4141823880128400578
Transform:
  m_ObjectHideFlags: 0
  m_CorrespondingSourceObject: {fileID: 0}
  m_PrefabInstance: {fileID: 0}
  m_PrefabAsset: {fileID: 0}
  m_GameObject: {fileID: 4504281343289965982}
  m_LocalRotation: {x: 7.607021e-12, y: -1.0958758e-11, z: -6.6054406e-12, w: 1}
  m_LocalPosition: {x: -0.0019764495, y: 0.047672246, z: -0.051189143}
  m_LocalScale: {x: 1, y: 1, z: 1}
  m_Children: []
  m_Father: {fileID: 2573414498799873246}
  m_RootOrder: 1
  m_LocalEulerAnglesHint: {x: 0, y: 0, z: 0}
--- !u!1 &4512299835399840586
GameObject:
  m_ObjectHideFlags: 0
  m_CorrespondingSourceObject: {fileID: 0}
  m_PrefabInstance: {fileID: 0}
  m_PrefabAsset: {fileID: 0}
  serializedVersion: 6
  m_Component:
  - component: {fileID: 8810795299790450194}
  m_Layer: 0
  m_Name: S_Aureus_Mutant_rig:joint25
  m_TagString: Untagged
  m_Icon: {fileID: 0}
  m_NavMeshLayer: 0
  m_StaticEditorFlags: 0
  m_IsActive: 1
--- !u!4 &8810795299790450194
Transform:
  m_ObjectHideFlags: 0
  m_CorrespondingSourceObject: {fileID: 0}
  m_PrefabInstance: {fileID: 0}
  m_PrefabAsset: {fileID: 0}
  m_GameObject: {fileID: 4512299835399840586}
  m_LocalRotation: {x: -6.56726e-13, y: -9.40072e-13, z: 2.2387999e-12, w: 1}
  m_LocalPosition: {x: -0.024844002, y: 0.09037847, z: 0.0010883317}
  m_LocalScale: {x: 1, y: 1, z: 1}
  m_Children: []
  m_Father: {fileID: 3446614031655022314}
  m_RootOrder: 1
  m_LocalEulerAnglesHint: {x: 0, y: 0, z: 0}
--- !u!1 &4999099640664148042
GameObject:
  m_ObjectHideFlags: 0
  m_CorrespondingSourceObject: {fileID: 0}
  m_PrefabInstance: {fileID: 0}
  m_PrefabAsset: {fileID: 0}
  serializedVersion: 6
  m_Component:
  - component: {fileID: 866394186929050583}
  m_Layer: 0
  m_Name: S_Aureus_Mutant_rig:joint10
  m_TagString: Untagged
  m_Icon: {fileID: 0}
  m_NavMeshLayer: 0
  m_StaticEditorFlags: 0
  m_IsActive: 1
--- !u!4 &866394186929050583
Transform:
  m_ObjectHideFlags: 0
  m_CorrespondingSourceObject: {fileID: 0}
  m_PrefabInstance: {fileID: 0}
  m_PrefabAsset: {fileID: 0}
  m_GameObject: {fileID: 4999099640664148042}
  m_LocalRotation: {x: -4.109593e-12, y: 2.2751855e-12, z: -1.0341746e-12, w: 1}
  m_LocalPosition: {x: 0.14651404, y: 0.08540991, z: 0.15933046}
  m_LocalScale: {x: 1, y: 1, z: 1}
  m_Children: []
  m_Father: {fileID: 232931256348397405}
  m_RootOrder: 8
  m_LocalEulerAnglesHint: {x: 0, y: 0, z: 0}
--- !u!1 &5311944255060188825
GameObject:
  m_ObjectHideFlags: 0
  m_CorrespondingSourceObject: {fileID: 0}
  m_PrefabInstance: {fileID: 0}
  m_PrefabAsset: {fileID: 0}
  serializedVersion: 6
  m_Component:
  - component: {fileID: 4811564216109623136}
  m_Layer: 0
  m_Name: S_Aureus_Mutant_rig:joint12
  m_TagString: Untagged
  m_Icon: {fileID: 0}
  m_NavMeshLayer: 0
  m_StaticEditorFlags: 0
  m_IsActive: 1
--- !u!4 &4811564216109623136
Transform:
  m_ObjectHideFlags: 0
  m_CorrespondingSourceObject: {fileID: 0}
  m_PrefabInstance: {fileID: 0}
  m_PrefabAsset: {fileID: 0}
  m_GameObject: {fileID: 5311944255060188825}
  m_LocalRotation: {x: -1.1396403e-11, y: 1.9235318e-10, z: -1.4426633e-10, w: 1}
  m_LocalPosition: {x: -0.07297704, y: -0.10644664, z: -0.008915287}
  m_LocalScale: {x: 1, y: 1, z: 1}
  m_Children: []
  m_Father: {fileID: 232931256348397405}
  m_RootOrder: 10
  m_LocalEulerAnglesHint: {x: 0, y: 0, z: 0}
--- !u!1 &5463014375555878085
GameObject:
  m_ObjectHideFlags: 0
  m_CorrespondingSourceObject: {fileID: 0}
  m_PrefabInstance: {fileID: 0}
  m_PrefabAsset: {fileID: 0}
  serializedVersion: 6
  m_Component:
  - component: {fileID: 7084281799794632039}
  - component: {fileID: 1289163640550932425}
  - component: {fileID: 4366555188163952547}
  m_Layer: 0
  m_Name: S_Aureus_Mutant_rig:polySurface62
  m_TagString: S A Mutant Pieces
  m_Icon: {fileID: 0}
  m_NavMeshLayer: 0
  m_StaticEditorFlags: 0
  m_IsActive: 1
--- !u!4 &7084281799794632039
Transform:
  m_ObjectHideFlags: 0
  m_CorrespondingSourceObject: {fileID: 0}
  m_PrefabInstance: {fileID: 0}
  m_PrefabAsset: {fileID: 0}
  m_GameObject: {fileID: 5463014375555878085}
  m_LocalRotation: {x: 0, y: -0, z: -0, w: 1}
  m_LocalPosition: {x: 0.0075541493, y: 0.002609768, z: -0.0012148189}
  m_LocalScale: {x: 1, y: 1, z: 1}
  m_Children: []
  m_Father: {fileID: 6969724986228008170}
  m_RootOrder: 6
  m_LocalEulerAnglesHint: {x: 0, y: 0, z: 0}
--- !u!137 &1289163640550932425
SkinnedMeshRenderer:
  m_ObjectHideFlags: 0
  m_CorrespondingSourceObject: {fileID: 0}
  m_PrefabInstance: {fileID: 0}
  m_PrefabAsset: {fileID: 0}
  m_GameObject: {fileID: 5463014375555878085}
  m_Enabled: 1
  m_CastShadows: 1
  m_ReceiveShadows: 1
  m_DynamicOccludee: 1
  m_MotionVectors: 1
  m_LightProbeUsage: 1
  m_ReflectionProbeUsage: 1
  m_RayTracingMode: 0
  m_RenderingLayerMask: 1
  m_RendererPriority: 0
  m_Materials:
  - {fileID: 2100000, guid: 8b6181a39fe660e4c836e7356c4ee971, type: 2}
  m_StaticBatchInfo:
    firstSubMesh: 0
    subMeshCount: 0
  m_StaticBatchRoot: {fileID: 0}
  m_ProbeAnchor: {fileID: 0}
  m_LightProbeVolumeOverride: {fileID: 0}
  m_ScaleInLightmap: 1
  m_ReceiveGI: 1
  m_PreserveUVs: 0
  m_IgnoreNormalsForChartDetection: 0
  m_ImportantGI: 0
  m_StitchLightmapSeams: 1
  m_SelectedEditorRenderState: 3
  m_MinimumChartSize: 4
  m_AutoUVMaxDistance: 0.5
  m_AutoUVMaxAngle: 89
  m_LightmapParameters: {fileID: 0}
  m_SortingLayerID: 0
  m_SortingLayer: 0
  m_SortingOrder: 0
  serializedVersion: 2
  m_Quality: 0
  m_UpdateWhenOffscreen: 0
  m_SkinnedMotionVectors: 1
  m_Mesh: {fileID: 8070577956794878174, guid: 845502bcfa8a1b34bbb443c7b4428a87, type: 3}
  m_Bones:
  - {fileID: 232931256348397405}
  - {fileID: 2573414498799873246}
  - {fileID: 5399409981608718076}
  - {fileID: 4141823880128400578}
  - {fileID: 4094901959344819417}
  - {fileID: 8936785771997962779}
  - {fileID: 6984715009941567874}
  - {fileID: 4811564216109623136}
  - {fileID: 3430514459083352153}
  - {fileID: 2971946792071692731}
  m_BlendShapeWeights: []
  m_RootBone: {fileID: 232931256348397405}
  m_AABB:
    m_Center: {x: -0.072032586, y: -0.096536204, z: 0.01473961}
    m_Extent: {x: 0.08495134, y: 0.08237015, z: 0.08639569}
  m_DirtyAABB: 0
--- !u!64 &4366555188163952547
MeshCollider:
  m_ObjectHideFlags: 0
  m_CorrespondingSourceObject: {fileID: 0}
  m_PrefabInstance: {fileID: 0}
  m_PrefabAsset: {fileID: 0}
  m_GameObject: {fileID: 5463014375555878085}
  m_Material: {fileID: 0}
  m_IsTrigger: 0
  m_Enabled: 1
  serializedVersion: 4
  m_Convex: 0
  m_CookingOptions: 30
  m_Mesh: {fileID: 0}
--- !u!1 &5553703973702305412
GameObject:
  m_ObjectHideFlags: 0
  m_CorrespondingSourceObject: {fileID: 0}
  m_PrefabInstance: {fileID: 0}
  m_PrefabAsset: {fileID: 0}
  serializedVersion: 6
  m_Component:
  - component: {fileID: 1244357317753518357}
  m_Layer: 0
  m_Name: S_Aureus_Mutant_rig:joint30
  m_TagString: Untagged
  m_Icon: {fileID: 0}
  m_NavMeshLayer: 0
  m_StaticEditorFlags: 0
  m_IsActive: 1
--- !u!4 &1244357317753518357
Transform:
  m_ObjectHideFlags: 0
  m_CorrespondingSourceObject: {fileID: 0}
  m_PrefabInstance: {fileID: 0}
  m_PrefabAsset: {fileID: 0}
  m_GameObject: {fileID: 5553703973702305412}
  m_LocalRotation: {x: -3.4018335e-12, y: 3.38397e-12, z: -2.7728392e-12, w: 1}
  m_LocalPosition: {x: 0.10484917, y: -0.07970422, z: 0.071949005}
  m_LocalScale: {x: 1, y: 1, z: 1}
  m_Children: []
  m_Father: {fileID: 1205793673507880670}
  m_RootOrder: 2
  m_LocalEulerAnglesHint: {x: 0, y: 0, z: 0}
--- !u!1 &5815401986748504496
GameObject:
  m_ObjectHideFlags: 0
  m_CorrespondingSourceObject: {fileID: 0}
  m_PrefabInstance: {fileID: 0}
  m_PrefabAsset: {fileID: 0}
  serializedVersion: 6
  m_Component:
  - component: {fileID: 9196810279685297913}
  m_Layer: 0
  m_Name: S_Aureus_Mutant_rig:joint26
  m_TagString: Untagged
  m_Icon: {fileID: 0}
  m_NavMeshLayer: 0
  m_StaticEditorFlags: 0
  m_IsActive: 1
--- !u!4 &9196810279685297913
Transform:
  m_ObjectHideFlags: 0
  m_CorrespondingSourceObject: {fileID: 0}
  m_PrefabInstance: {fileID: 0}
  m_PrefabAsset: {fileID: 0}
  m_GameObject: {fileID: 5815401986748504496}
  m_LocalRotation: {x: -4.314572e-12, y: 6.31317e-13, z: -6.5199877e-12, w: 1}
  m_LocalPosition: {x: -0.11500172, y: -0.05649371, z: -0.023618754}
  m_LocalScale: {x: 1, y: 1, z: 1}
  m_Children: []
  m_Father: {fileID: 3446614031655022314}
  m_RootOrder: 2
  m_LocalEulerAnglesHint: {x: 0, y: 0, z: 0}
--- !u!1 &5827517977499155589
GameObject:
  m_ObjectHideFlags: 0
  m_CorrespondingSourceObject: {fileID: 0}
  m_PrefabInstance: {fileID: 0}
  m_PrefabAsset: {fileID: 0}
  serializedVersion: 6
  m_Component:
  - component: {fileID: 7540730715110831275}
  m_Layer: 0
  m_Name: S_Aureus_Mutant_rig:joint9
  m_TagString: Untagged
  m_Icon: {fileID: 0}
  m_NavMeshLayer: 0
  m_StaticEditorFlags: 0
  m_IsActive: 1
--- !u!4 &7540730715110831275
Transform:
  m_ObjectHideFlags: 0
  m_CorrespondingSourceObject: {fileID: 0}
  m_PrefabInstance: {fileID: 0}
  m_PrefabAsset: {fileID: 0}
  m_GameObject: {fileID: 5827517977499155589}
  m_LocalRotation: {x: 1.1900499e-10, y: -2.031016e-10, z: -2.0579153e-11, w: 1}
  m_LocalPosition: {x: 0.023645082, y: 0.35280672, z: 0.01026939}
  m_LocalScale: {x: 1, y: 1, z: 1}
  m_Children: []
  m_Father: {fileID: 232931256348397405}
  m_RootOrder: 7
  m_LocalEulerAnglesHint: {x: 0, y: 0, z: 0}
--- !u!1 &5901424597216529567
GameObject:
  m_ObjectHideFlags: 0
  m_CorrespondingSourceObject: {fileID: 0}
  m_PrefabInstance: {fileID: 0}
  m_PrefabAsset: {fileID: 0}
  serializedVersion: 6
  m_Component:
  - component: {fileID: 472665285189406306}
  - component: {fileID: 7425273892783497733}
  - component: {fileID: 4366555188163952548}
  m_Layer: 0
  m_Name: S_Aureus_Mutant_rig:polySurface61
  m_TagString: S A Mutant Pieces
  m_Icon: {fileID: 0}
  m_NavMeshLayer: 0
  m_StaticEditorFlags: 0
  m_IsActive: 1
--- !u!4 &472665285189406306
Transform:
  m_ObjectHideFlags: 0
  m_CorrespondingSourceObject: {fileID: 0}
  m_PrefabInstance: {fileID: 0}
  m_PrefabAsset: {fileID: 0}
  m_GameObject: {fileID: 5901424597216529567}
  m_LocalRotation: {x: 0, y: -0, z: -0, w: 1}
  m_LocalPosition: {x: 0.0075541493, y: 0.002609768, z: -0.0012148189}
  m_LocalScale: {x: 1, y: 1, z: 1}
  m_Children: []
  m_Father: {fileID: 6969724986228008170}
  m_RootOrder: 5
  m_LocalEulerAnglesHint: {x: 0, y: 0, z: 0}
--- !u!137 &7425273892783497733
SkinnedMeshRenderer:
  m_ObjectHideFlags: 0
  m_CorrespondingSourceObject: {fileID: 0}
  m_PrefabInstance: {fileID: 0}
  m_PrefabAsset: {fileID: 0}
  m_GameObject: {fileID: 5901424597216529567}
  m_Enabled: 1
  m_CastShadows: 1
  m_ReceiveShadows: 1
  m_DynamicOccludee: 1
  m_MotionVectors: 1
  m_LightProbeUsage: 1
  m_ReflectionProbeUsage: 1
  m_RayTracingMode: 0
  m_RenderingLayerMask: 1
  m_RendererPriority: 0
  m_Materials:
  - {fileID: 2100000, guid: 8b6181a39fe660e4c836e7356c4ee971, type: 2}
  m_StaticBatchInfo:
    firstSubMesh: 0
    subMeshCount: 0
  m_StaticBatchRoot: {fileID: 0}
  m_ProbeAnchor: {fileID: 0}
  m_LightProbeVolumeOverride: {fileID: 0}
  m_ScaleInLightmap: 1
  m_ReceiveGI: 1
  m_PreserveUVs: 0
  m_IgnoreNormalsForChartDetection: 0
  m_ImportantGI: 0
  m_StitchLightmapSeams: 1
  m_SelectedEditorRenderState: 3
  m_MinimumChartSize: 4
  m_AutoUVMaxDistance: 0.5
  m_AutoUVMaxAngle: 89
  m_LightmapParameters: {fileID: 0}
  m_SortingLayerID: 0
  m_SortingLayer: 0
  m_SortingOrder: 0
  serializedVersion: 2
  m_Quality: 0
  m_UpdateWhenOffscreen: 0
  m_SkinnedMotionVectors: 1
  m_Mesh: {fileID: -8676635508354268930, guid: 845502bcfa8a1b34bbb443c7b4428a87, type: 3}
  m_Bones:
  - {fileID: 232931256348397405}
  - {fileID: 3446614031655022314}
  - {fileID: 8172428839262757122}
  - {fileID: 1205793673507880670}
  - {fileID: 5561423794364465589}
  - {fileID: 8936785771997962779}
  - {fileID: 866394186929050583}
  - {fileID: 6984715009941567874}
  - {fileID: 4811564216109623136}
  - {fileID: 3430514459083352153}
  - {fileID: 2971946792071692731}
  - {fileID: 759553887594252538}
  m_BlendShapeWeights: []
  m_RootBone: {fileID: 232931256348397405}
  m_AABB:
    m_Center: {x: 0.03400039, y: -0.003697358, z: 0.11344357}
    m_Extent: {x: 0.08409834, y: 0.08825915, z: 0.08761288}
  m_DirtyAABB: 0
--- !u!64 &4366555188163952548
MeshCollider:
  m_ObjectHideFlags: 0
  m_CorrespondingSourceObject: {fileID: 0}
  m_PrefabInstance: {fileID: 0}
  m_PrefabAsset: {fileID: 0}
  m_GameObject: {fileID: 5901424597216529567}
  m_Material: {fileID: 0}
  m_IsTrigger: 0
  m_Enabled: 1
  serializedVersion: 4
  m_Convex: 0
  m_CookingOptions: 30
  m_Mesh: {fileID: 0}
--- !u!1 &5930448320740766547
GameObject:
  m_ObjectHideFlags: 0
  m_CorrespondingSourceObject: {fileID: 0}
  m_PrefabInstance: {fileID: 0}
  m_PrefabAsset: {fileID: 0}
  serializedVersion: 6
  m_Component:
  - component: {fileID: 8505179618755670122}
  - component: {fileID: 4936045998163702698}
  - component: {fileID: 4366555188163952575}
  m_Layer: 0
  m_Name: S_Aureus_Mutant_rig:polySurface66
  m_TagString: S A Mutant Pieces
  m_Icon: {fileID: 0}
  m_NavMeshLayer: 0
  m_StaticEditorFlags: 0
  m_IsActive: 1
--- !u!4 &8505179618755670122
Transform:
  m_ObjectHideFlags: 0
  m_CorrespondingSourceObject: {fileID: 0}
  m_PrefabInstance: {fileID: 0}
  m_PrefabAsset: {fileID: 0}
  m_GameObject: {fileID: 5930448320740766547}
  m_LocalRotation: {x: 0, y: -0, z: -0, w: 1}
  m_LocalPosition: {x: 0.0075541493, y: 0.002609768, z: -0.0012148189}
  m_LocalScale: {x: 1, y: 1, z: 1}
  m_Children: []
  m_Father: {fileID: 6969724986228008170}
  m_RootOrder: 10
  m_LocalEulerAnglesHint: {x: 0, y: 0, z: 0}
--- !u!137 &4936045998163702698
SkinnedMeshRenderer:
  m_ObjectHideFlags: 0
  m_CorrespondingSourceObject: {fileID: 0}
  m_PrefabInstance: {fileID: 0}
  m_PrefabAsset: {fileID: 0}
  m_GameObject: {fileID: 5930448320740766547}
  m_Enabled: 1
  m_CastShadows: 1
  m_ReceiveShadows: 1
  m_DynamicOccludee: 1
  m_MotionVectors: 1
  m_LightProbeUsage: 1
  m_ReflectionProbeUsage: 1
  m_RayTracingMode: 0
  m_RenderingLayerMask: 1
  m_RendererPriority: 0
  m_Materials:
  - {fileID: 2100000, guid: 8b6181a39fe660e4c836e7356c4ee971, type: 2}
  m_StaticBatchInfo:
    firstSubMesh: 0
    subMeshCount: 0
  m_StaticBatchRoot: {fileID: 0}
  m_ProbeAnchor: {fileID: 0}
  m_LightProbeVolumeOverride: {fileID: 0}
  m_ScaleInLightmap: 1
  m_ReceiveGI: 1
  m_PreserveUVs: 0
  m_IgnoreNormalsForChartDetection: 0
  m_ImportantGI: 0
  m_StitchLightmapSeams: 1
  m_SelectedEditorRenderState: 3
  m_MinimumChartSize: 4
  m_AutoUVMaxDistance: 0.5
  m_AutoUVMaxAngle: 89
  m_LightmapParameters: {fileID: 0}
  m_SortingLayerID: 0
  m_SortingLayer: 0
  m_SortingOrder: 0
  serializedVersion: 2
  m_Quality: 0
  m_UpdateWhenOffscreen: 0
  m_SkinnedMotionVectors: 1
  m_Mesh: {fileID: -5959448588038651401, guid: 845502bcfa8a1b34bbb443c7b4428a87, type: 3}
  m_Bones:
  - {fileID: 232931256348397405}
  - {fileID: 739868240202015634}
  - {fileID: 274382371931102468}
  - {fileID: 2539572861544037804}
  - {fileID: 6843560043652330374}
  - {fileID: 3040186236515795330}
  - {fileID: 3446614031655022314}
  - {fileID: 8172428839262757122}
  - {fileID: 9196810279685297913}
  - {fileID: 8810795299790450194}
  - {fileID: 621786610699958411}
  - {fileID: 1205793673507880670}
  - {fileID: 4192632636495573340}
  - {fileID: 2573414498799873246}
  - {fileID: 4141823880128400578}
  - {fileID: 5561423794364465589}
  - {fileID: 8936785771997962779}
  - {fileID: 7540730715110831275}
  - {fileID: 6984715009941567874}
  - {fileID: 4811564216109623136}
  - {fileID: 5685855293903726639}
  - {fileID: 9154672377902238939}
  - {fileID: 3687455592132623070}
  - {fileID: 2971946792071692731}
  - {fileID: 759553887594252538}
  - {fileID: 4428552035762732602}
  m_BlendShapeWeights: []
  m_RootBone: {fileID: 232931256348397405}
  m_AABB:
    m_Center: {x: -0.11368185, y: 0.1796897, z: -0.07394488}
    m_Extent: {x: 0.18314794, y: 0.1757009, z: 0.17844968}
  m_DirtyAABB: 0
--- !u!64 &4366555188163952575
MeshCollider:
  m_ObjectHideFlags: 0
  m_CorrespondingSourceObject: {fileID: 0}
  m_PrefabInstance: {fileID: 0}
  m_PrefabAsset: {fileID: 0}
  m_GameObject: {fileID: 5930448320740766547}
  m_Material: {fileID: 0}
  m_IsTrigger: 0
  m_Enabled: 1
  serializedVersion: 4
  m_Convex: 0
  m_CookingOptions: 30
  m_Mesh: {fileID: 0}
--- !u!1 &5946145722930176839
GameObject:
  m_ObjectHideFlags: 0
  m_CorrespondingSourceObject: {fileID: 0}
  m_PrefabInstance: {fileID: 0}
  m_PrefabAsset: {fileID: 0}
  serializedVersion: 6
  m_Component:
  - component: {fileID: 2573414498799873246}
  m_Layer: 0
  m_Name: S_Aureus_Mutant_rig:joint5
  m_TagString: Untagged
  m_Icon: {fileID: 0}
  m_NavMeshLayer: 0
  m_StaticEditorFlags: 0
  m_IsActive: 1
--- !u!4 &2573414498799873246
Transform:
  m_ObjectHideFlags: 0
  m_CorrespondingSourceObject: {fileID: 0}
  m_PrefabInstance: {fileID: 0}
  m_PrefabAsset: {fileID: 0}
  m_GameObject: {fileID: 5946145722930176839}
  m_LocalRotation: {x: -1.2494174e-10, y: 1.0745678e-11, z: 2.5155322e-11, w: 1}
  m_LocalPosition: {x: 0.0019764495, y: -0.061854232, z: -0.14701118}
  m_LocalScale: {x: 1, y: 1, z: 1}
  m_Children:
  - {fileID: 6433665465936153239}
  - {fileID: 4141823880128400578}
  - {fileID: 5399409981608718076}
  - {fileID: 4088584766192395688}
  m_Father: {fileID: 232931256348397405}
  m_RootOrder: 3
  m_LocalEulerAnglesHint: {x: 0, y: 0, z: 0}
--- !u!1 &6010082676591453400
GameObject:
  m_ObjectHideFlags: 0
  m_CorrespondingSourceObject: {fileID: 0}
  m_PrefabInstance: {fileID: 0}
  m_PrefabAsset: {fileID: 0}
  serializedVersion: 6
  m_Component:
  - component: {fileID: 4826285903440181913}
  - component: {fileID: 6423488919397593323}
  - component: {fileID: 4366555188163952551}
  m_Layer: 0
  m_Name: S_Aureus_Mutant_rig:polySurface58
  m_TagString: S A Mutant Pieces
  m_Icon: {fileID: 0}
  m_NavMeshLayer: 0
  m_StaticEditorFlags: 0
  m_IsActive: 1
--- !u!4 &4826285903440181913
Transform:
  m_ObjectHideFlags: 0
  m_CorrespondingSourceObject: {fileID: 0}
  m_PrefabInstance: {fileID: 0}
  m_PrefabAsset: {fileID: 0}
  m_GameObject: {fileID: 6010082676591453400}
  m_LocalRotation: {x: 0, y: -0, z: -0, w: 1}
  m_LocalPosition: {x: 0.0075541493, y: 0.002609768, z: -0.0012148189}
  m_LocalScale: {x: 1, y: 1, z: 1}
  m_Children: []
  m_Father: {fileID: 6969724986228008170}
  m_RootOrder: 2
  m_LocalEulerAnglesHint: {x: 0, y: 0, z: 0}
--- !u!137 &6423488919397593323
SkinnedMeshRenderer:
  m_ObjectHideFlags: 0
  m_CorrespondingSourceObject: {fileID: 0}
  m_PrefabInstance: {fileID: 0}
  m_PrefabAsset: {fileID: 0}
  m_GameObject: {fileID: 6010082676591453400}
  m_Enabled: 1
  m_CastShadows: 1
  m_ReceiveShadows: 1
  m_DynamicOccludee: 1
  m_MotionVectors: 1
  m_LightProbeUsage: 1
  m_ReflectionProbeUsage: 1
  m_RayTracingMode: 0
  m_RenderingLayerMask: 1
  m_RendererPriority: 0
  m_Materials:
  - {fileID: 2100000, guid: 8b6181a39fe660e4c836e7356c4ee971, type: 2}
  m_StaticBatchInfo:
    firstSubMesh: 0
    subMeshCount: 0
  m_StaticBatchRoot: {fileID: 0}
  m_ProbeAnchor: {fileID: 0}
  m_LightProbeVolumeOverride: {fileID: 0}
  m_ScaleInLightmap: 1
  m_ReceiveGI: 1
  m_PreserveUVs: 0
  m_IgnoreNormalsForChartDetection: 0
  m_ImportantGI: 0
  m_StitchLightmapSeams: 1
  m_SelectedEditorRenderState: 3
  m_MinimumChartSize: 4
  m_AutoUVMaxDistance: 0.5
  m_AutoUVMaxAngle: 89
  m_LightmapParameters: {fileID: 0}
  m_SortingLayerID: 0
  m_SortingLayer: 0
  m_SortingOrder: 0
  serializedVersion: 2
  m_Quality: 0
  m_UpdateWhenOffscreen: 0
  m_SkinnedMotionVectors: 1
  m_Mesh: {fileID: -3241558506798101198, guid: 845502bcfa8a1b34bbb443c7b4428a87, type: 3}
  m_Bones:
  - {fileID: 232931256348397405}
  - {fileID: 739868240202015634}
  - {fileID: 3446614031655022314}
  - {fileID: 8172428839262757122}
  - {fileID: 1205793673507880670}
  - {fileID: 4192632636495573340}
  - {fileID: 5561423794364465589}
  - {fileID: 7540730715110831275}
  - {fileID: 866394186929050583}
  - {fileID: 6984715009941567874}
  - {fileID: 5685855293903726639}
  - {fileID: 759553887594252538}
  m_BlendShapeWeights: []
  m_RootBone: {fileID: 232931256348397405}
  m_AABB:
    m_Center: {x: 0.08767648, y: 0.20984238, z: 0.09630981}
    m_Extent: {x: 0.09645714, y: 0.10136337, z: 0.0934691}
  m_DirtyAABB: 0
--- !u!64 &4366555188163952551
MeshCollider:
  m_ObjectHideFlags: 0
  m_CorrespondingSourceObject: {fileID: 0}
  m_PrefabInstance: {fileID: 0}
  m_PrefabAsset: {fileID: 0}
  m_GameObject: {fileID: 6010082676591453400}
  m_Material: {fileID: 0}
  m_IsTrigger: 0
  m_Enabled: 1
  serializedVersion: 4
  m_Convex: 0
  m_CookingOptions: 30
  m_Mesh: {fileID: 0}
--- !u!1 &6061185430074680074
GameObject:
  m_ObjectHideFlags: 0
  m_CorrespondingSourceObject: {fileID: 0}
  m_PrefabInstance: {fileID: 0}
  m_PrefabAsset: {fileID: 0}
  serializedVersion: 6
  m_Component:
  - component: {fileID: 6433665465936153239}
  m_Layer: 0
  m_Name: S_Aureus_Mutant_rig:joint32
  m_TagString: Untagged
  m_Icon: {fileID: 0}
  m_NavMeshLayer: 0
  m_StaticEditorFlags: 0
  m_IsActive: 1
--- !u!4 &6433665465936153239
Transform:
  m_ObjectHideFlags: 0
  m_CorrespondingSourceObject: {fileID: 0}
  m_PrefabInstance: {fileID: 0}
  m_PrefabAsset: {fileID: 0}
  m_GameObject: {fileID: 6061185430074680074}
  m_LocalRotation: {x: 5.900447e-11, y: 9.243573e-11, z: -3.606376e-12, w: 1}
  m_LocalPosition: {x: -0.0019764495, y: -0.056778554, z: -0.08451184}
  m_LocalScale: {x: 1, y: 1, z: 1}
  m_Children: []
  m_Father: {fileID: 2573414498799873246}
  m_RootOrder: 0
  m_LocalEulerAnglesHint: {x: 0, y: 0, z: 0}
--- !u!1 &6080915508674966056
GameObject:
  m_ObjectHideFlags: 0
  m_CorrespondingSourceObject: {fileID: 0}
  m_PrefabInstance: {fileID: 0}
  m_PrefabAsset: {fileID: 0}
  serializedVersion: 6
  m_Component:
  - component: {fileID: 4192632636495573340}
  m_Layer: 0
  m_Name: S_Aureus_Mutant_rig:joint31
  m_TagString: Untagged
  m_Icon: {fileID: 0}
  m_NavMeshLayer: 0
  m_StaticEditorFlags: 0
  m_IsActive: 1
--- !u!4 &4192632636495573340
Transform:
  m_ObjectHideFlags: 0
  m_CorrespondingSourceObject: {fileID: 0}
  m_PrefabInstance: {fileID: 0}
  m_PrefabAsset: {fileID: 0}
  m_GameObject: {fileID: 6080915508674966056}
  m_LocalRotation: {x: 2.6344543e-13, y: -1.9594877e-12, z: -4.1555973e-12, w: 1}
  m_LocalPosition: {x: 0.06706396, y: 0.09839702, z: -0.029497985}
  m_LocalScale: {x: 1, y: 1, z: 1}
  m_Children: []
  m_Father: {fileID: 1205793673507880670}
  m_RootOrder: 3
  m_LocalEulerAnglesHint: {x: 0, y: 0, z: 0}
--- !u!1 &6087223051793541699
GameObject:
  m_ObjectHideFlags: 0
  m_CorrespondingSourceObject: {fileID: 0}
  m_PrefabInstance: {fileID: 0}
  m_PrefabAsset: {fileID: 0}
  serializedVersion: 6
  m_Component:
  - component: {fileID: 621786610699958411}
  m_Layer: 0
  m_Name: S_Aureus_Mutant_rig:joint24
  m_TagString: Untagged
  m_Icon: {fileID: 0}
  m_NavMeshLayer: 0
  m_StaticEditorFlags: 0
  m_IsActive: 1
--- !u!4 &621786610699958411
Transform:
  m_ObjectHideFlags: 0
  m_CorrespondingSourceObject: {fileID: 0}
  m_PrefabInstance: {fileID: 0}
  m_PrefabAsset: {fileID: 0}
  m_GameObject: {fileID: 6087223051793541699}
  m_LocalRotation: {x: -4.296019e-12, y: 6.5176353e-13, z: 4.9242177e-12, w: 1}
  m_LocalPosition: {x: -0.05931858, y: -0.019212708, z: 0.07809836}
  m_LocalScale: {x: 1, y: 1, z: 1}
  m_Children: []
  m_Father: {fileID: 3446614031655022314}
  m_RootOrder: 0
  m_LocalEulerAnglesHint: {x: 0, y: 0, z: 0}
--- !u!1 &6383280836919926793
GameObject:
  m_ObjectHideFlags: 0
  m_CorrespondingSourceObject: {fileID: 0}
  m_PrefabInstance: {fileID: 0}
  m_PrefabAsset: {fileID: 0}
  serializedVersion: 6
  m_Component:
  - component: {fileID: 8936785771997962779}
  m_Layer: 0
  m_Name: S_Aureus_Mutant_rig:joint8
  m_TagString: Untagged
  m_Icon: {fileID: 0}
  m_NavMeshLayer: 0
  m_StaticEditorFlags: 0
  m_IsActive: 1
--- !u!4 &8936785771997962779
Transform:
  m_ObjectHideFlags: 0
  m_CorrespondingSourceObject: {fileID: 0}
  m_PrefabInstance: {fileID: 0}
  m_PrefabAsset: {fileID: 0}
  m_GameObject: {fileID: 6383280836919926793}
  m_LocalRotation: {x: -6.569237e-11, y: -9.046576e-11, z: 9.903519e-11, w: 1}
  m_LocalPosition: {x: -0.115278296, y: 0.0035636192, z: 0.08617394}
  m_LocalScale: {x: 1, y: 1, z: 1}
  m_Children: []
  m_Father: {fileID: 232931256348397405}
  m_RootOrder: 6
  m_LocalEulerAnglesHint: {x: 0, y: 0, z: 0}
--- !u!1 &6975952753370407922
GameObject:
  m_ObjectHideFlags: 0
  m_CorrespondingSourceObject: {fileID: 0}
  m_PrefabInstance: {fileID: 0}
  m_PrefabAsset: {fileID: 0}
  serializedVersion: 6
  m_Component:
  - component: {fileID: 6969724986228008170}
  m_Layer: 0
  m_Name: S_Aureus_Mutant_rig:Mesh
  m_TagString: Untagged
  m_Icon: {fileID: 0}
  m_NavMeshLayer: 0
  m_StaticEditorFlags: 0
  m_IsActive: 1
--- !u!4 &6969724986228008170
Transform:
  m_ObjectHideFlags: 0
  m_CorrespondingSourceObject: {fileID: 0}
  m_PrefabInstance: {fileID: 0}
  m_PrefabAsset: {fileID: 0}
  m_GameObject: {fileID: 6975952753370407922}
  m_LocalRotation: {x: 0, y: -0, z: -0, w: 1}
  m_LocalPosition: {x: -0.0075541493, y: -0.002609768, z: 0.0012148189}
  m_LocalScale: {x: 1, y: 1, z: 1}
  m_Children:
  - {fileID: 8761789076999566813}
  - {fileID: 18417981523427952}
  - {fileID: 4826285903440181913}
  - {fileID: 6975502570604632891}
  - {fileID: 4667186592207871036}
  - {fileID: 472665285189406306}
  - {fileID: 7084281799794632039}
  - {fileID: 1390302657952477879}
  - {fileID: 7086969246841363136}
  - {fileID: 5713840717567961733}
  - {fileID: 8505179618755670122}
  - {fileID: 3193559335935298312}
  - {fileID: 5316062318250215848}
  - {fileID: 3687766244274273598}
  - {fileID: 693437184567238353}
  - {fileID: 1696494624715742742}
  - {fileID: 2004402806840663757}
  - {fileID: 4292432430204280610}
  - {fileID: 805616042153682643}
  m_Father: {fileID: 4256930457823468458}
  m_RootOrder: 1
  m_LocalEulerAnglesHint: {x: 0, y: 0, z: 0}
--- !u!1 &7125046056415344172
GameObject:
  m_ObjectHideFlags: 0
  m_CorrespondingSourceObject: {fileID: 0}
  m_PrefabInstance: {fileID: 0}
  m_PrefabAsset: {fileID: 0}
  serializedVersion: 6
  m_Component:
  - component: {fileID: 4292432430204280610}
  - component: {fileID: 4342450948036541582}
  - component: {fileID: 4366555188163952568}
  m_Layer: 0
  m_Name: S_Aureus_Mutant_rig:polySurface73
  m_TagString: S A Mutant Pieces
  m_Icon: {fileID: 0}
  m_NavMeshLayer: 0
  m_StaticEditorFlags: 0
  m_IsActive: 1
--- !u!4 &4292432430204280610
Transform:
  m_ObjectHideFlags: 0
  m_CorrespondingSourceObject: {fileID: 0}
  m_PrefabInstance: {fileID: 0}
  m_PrefabAsset: {fileID: 0}
  m_GameObject: {fileID: 7125046056415344172}
  m_LocalRotation: {x: 0, y: -0, z: -0, w: 1}
  m_LocalPosition: {x: 0.0075541493, y: 0.002609768, z: -0.0012148189}
  m_LocalScale: {x: 1, y: 1, z: 1}
  m_Children: []
  m_Father: {fileID: 6969724986228008170}
  m_RootOrder: 17
  m_LocalEulerAnglesHint: {x: 0, y: 0, z: 0}
--- !u!137 &4342450948036541582
SkinnedMeshRenderer:
  m_ObjectHideFlags: 0
  m_CorrespondingSourceObject: {fileID: 0}
  m_PrefabInstance: {fileID: 0}
  m_PrefabAsset: {fileID: 0}
  m_GameObject: {fileID: 7125046056415344172}
  m_Enabled: 1
  m_CastShadows: 1
  m_ReceiveShadows: 1
  m_DynamicOccludee: 1
  m_MotionVectors: 1
  m_LightProbeUsage: 1
  m_ReflectionProbeUsage: 1
  m_RayTracingMode: 0
  m_RenderingLayerMask: 1
  m_RendererPriority: 0
  m_Materials:
  - {fileID: 2100000, guid: 8b6181a39fe660e4c836e7356c4ee971, type: 2}
  m_StaticBatchInfo:
    firstSubMesh: 0
    subMeshCount: 0
  m_StaticBatchRoot: {fileID: 0}
  m_ProbeAnchor: {fileID: 0}
  m_LightProbeVolumeOverride: {fileID: 0}
  m_ScaleInLightmap: 1
  m_ReceiveGI: 1
  m_PreserveUVs: 0
  m_IgnoreNormalsForChartDetection: 0
  m_ImportantGI: 0
  m_StitchLightmapSeams: 1
  m_SelectedEditorRenderState: 3
  m_MinimumChartSize: 4
  m_AutoUVMaxDistance: 0.5
  m_AutoUVMaxAngle: 89
  m_LightmapParameters: {fileID: 0}
  m_SortingLayerID: 0
  m_SortingLayer: 0
  m_SortingOrder: 0
  serializedVersion: 2
  m_Quality: 0
  m_UpdateWhenOffscreen: 0
  m_SkinnedMotionVectors: 1
  m_Mesh: {fileID: 551156494338419933, guid: 845502bcfa8a1b34bbb443c7b4428a87, type: 3}
  m_Bones:
  - {fileID: 232931256348397405}
  - {fileID: 739868240202015634}
  - {fileID: 3040186236515795330}
  - {fileID: 1205793673507880670}
  - {fileID: 2573414498799873246}
  - {fileID: 4141823880128400578}
  - {fileID: 6433665465936153239}
  - {fileID: 4428552035762732602}
  m_BlendShapeWeights: []
  m_RootBone: {fileID: 232931256348397405}
  m_AABB:
    m_Center: {x: 0.030030929, y: 0.059058804, z: -0.20719916}
    m_Extent: {x: 0.05457946, y: 0.054848056, z: 0.049540788}
  m_DirtyAABB: 0
--- !u!64 &4366555188163952568
MeshCollider:
  m_ObjectHideFlags: 0
  m_CorrespondingSourceObject: {fileID: 0}
  m_PrefabInstance: {fileID: 0}
  m_PrefabAsset: {fileID: 0}
  m_GameObject: {fileID: 7125046056415344172}
  m_Material: {fileID: 0}
  m_IsTrigger: 0
  m_Enabled: 1
  serializedVersion: 4
  m_Convex: 0
  m_CookingOptions: 30
  m_Mesh: {fileID: 0}
--- !u!1 &7163528548579169186
GameObject:
  m_ObjectHideFlags: 0
  m_CorrespondingSourceObject: {fileID: 0}
  m_PrefabInstance: {fileID: 0}
  m_PrefabAsset: {fileID: 0}
  serializedVersion: 6
  m_Component:
  - component: {fileID: 6984715009941567874}
  m_Layer: 0
  m_Name: S_Aureus_Mutant_rig:joint11
  m_TagString: Untagged
  m_Icon: {fileID: 0}
  m_NavMeshLayer: 0
  m_StaticEditorFlags: 0
  m_IsActive: 1
--- !u!4 &6984715009941567874
Transform:
  m_ObjectHideFlags: 0
  m_CorrespondingSourceObject: {fileID: 0}
  m_PrefabInstance: {fileID: 0}
  m_PrefabAsset: {fileID: 0}
  m_GameObject: {fileID: 7163528548579169186}
  m_LocalRotation: {x: -1.9387533e-11, y: -8.388421e-11, z: 5.36741e-11, w: 1}
  m_LocalPosition: {x: 0.018587856, y: -0.009522024, z: 0.110723235}
  m_LocalScale: {x: 1, y: 1, z: 1}
  m_Children: []
  m_Father: {fileID: 232931256348397405}
  m_RootOrder: 9
  m_LocalEulerAnglesHint: {x: 0, y: 0, z: 0}
--- !u!1 &7757079091366991788
GameObject:
  m_ObjectHideFlags: 0
  m_CorrespondingSourceObject: {fileID: 0}
  m_PrefabInstance: {fileID: 0}
  m_PrefabAsset: {fileID: 0}
  serializedVersion: 6
  m_Component:
  - component: {fileID: 693437184567238353}
  - component: {fileID: 563913846303798556}
  - component: {fileID: 4366555188163952571}
  m_Layer: 0
  m_Name: S_Aureus_Mutant_rig:polySurface70
  m_TagString: S A Mutant Pieces
  m_Icon: {fileID: 0}
  m_NavMeshLayer: 0
  m_StaticEditorFlags: 0
  m_IsActive: 1
--- !u!4 &693437184567238353
Transform:
  m_ObjectHideFlags: 0
  m_CorrespondingSourceObject: {fileID: 0}
  m_PrefabInstance: {fileID: 0}
  m_PrefabAsset: {fileID: 0}
  m_GameObject: {fileID: 7757079091366991788}
  m_LocalRotation: {x: 0, y: -0, z: -0, w: 1}
  m_LocalPosition: {x: 0.0075541493, y: 0.002609768, z: -0.0012148189}
  m_LocalScale: {x: 1, y: 1, z: 1}
  m_Children: []
  m_Father: {fileID: 6969724986228008170}
  m_RootOrder: 14
  m_LocalEulerAnglesHint: {x: 0, y: 0, z: 0}
--- !u!137 &563913846303798556
SkinnedMeshRenderer:
  m_ObjectHideFlags: 0
  m_CorrespondingSourceObject: {fileID: 0}
  m_PrefabInstance: {fileID: 0}
  m_PrefabAsset: {fileID: 0}
  m_GameObject: {fileID: 7757079091366991788}
  m_Enabled: 1
  m_CastShadows: 1
  m_ReceiveShadows: 1
  m_DynamicOccludee: 1
  m_MotionVectors: 1
  m_LightProbeUsage: 1
  m_ReflectionProbeUsage: 1
  m_RayTracingMode: 0
  m_RenderingLayerMask: 1
  m_RendererPriority: 0
  m_Materials:
  - {fileID: 2100000, guid: 8b6181a39fe660e4c836e7356c4ee971, type: 2}
  m_StaticBatchInfo:
    firstSubMesh: 0
    subMeshCount: 0
  m_StaticBatchRoot: {fileID: 0}
  m_ProbeAnchor: {fileID: 0}
  m_LightProbeVolumeOverride: {fileID: 0}
  m_ScaleInLightmap: 1
  m_ReceiveGI: 1
  m_PreserveUVs: 0
  m_IgnoreNormalsForChartDetection: 0
  m_ImportantGI: 0
  m_StitchLightmapSeams: 1
  m_SelectedEditorRenderState: 3
  m_MinimumChartSize: 4
  m_AutoUVMaxDistance: 0.5
  m_AutoUVMaxAngle: 89
  m_LightmapParameters: {fileID: 0}
  m_SortingLayerID: 0
  m_SortingLayer: 0
  m_SortingOrder: 0
  serializedVersion: 2
  m_Quality: 0
  m_UpdateWhenOffscreen: 0
  m_SkinnedMotionVectors: 1
  m_Mesh: {fileID: -4458360418668665491, guid: 845502bcfa8a1b34bbb443c7b4428a87, type: 3}
  m_Bones:
  - {fileID: 232931256348397405}
  - {fileID: 739868240202015634}
  - {fileID: 2539572861544037804}
  - {fileID: 6843560043652330374}
  - {fileID: 3446614031655022314}
  - {fileID: 8172428839262757122}
  - {fileID: 9196810279685297913}
  - {fileID: 8810795299790450194}
  - {fileID: 621786610699958411}
  - {fileID: 1205793673507880670}
  - {fileID: 5561423794364465589}
  - {fileID: 8936785771997962779}
  - {fileID: 7540730715110831275}
  - {fileID: 5685855293903726639}
  - {fileID: 9154672377902238939}
  - {fileID: 3687455592132623070}
  - {fileID: 759553887594252538}
  m_BlendShapeWeights: []
  m_RootBone: {fileID: 232931256348397405}
  m_AABB:
    m_Center: {x: -0.05199832, y: 0.25547048, z: 0.09391768}
    m_Extent: {x: 0.1410152, y: 0.13673055, z: 0.14341272}
  m_DirtyAABB: 0
--- !u!64 &4366555188163952571
MeshCollider:
  m_ObjectHideFlags: 0
  m_CorrespondingSourceObject: {fileID: 0}
  m_PrefabInstance: {fileID: 0}
  m_PrefabAsset: {fileID: 0}
  m_GameObject: {fileID: 7757079091366991788}
  m_Material: {fileID: 0}
  m_IsTrigger: 0
  m_Enabled: 1
  serializedVersion: 4
  m_Convex: 0
  m_CookingOptions: 30
  m_Mesh: {fileID: 0}
--- !u!1 &7820677387171417840
GameObject:
  m_ObjectHideFlags: 0
  m_CorrespondingSourceObject: {fileID: 0}
  m_PrefabInstance: {fileID: 0}
  m_PrefabAsset: {fileID: 0}
  serializedVersion: 6
  m_Component:
  - component: {fileID: 5713840717567961733}
  - component: {fileID: 5987338929261184210}
  - component: {fileID: 4366555188163952544}
  m_Layer: 0
  m_Name: S_Aureus_Mutant_rig:polySurface65
  m_TagString: S A Mutant Pieces
  m_Icon: {fileID: 0}
  m_NavMeshLayer: 0
  m_StaticEditorFlags: 0
  m_IsActive: 1
--- !u!4 &5713840717567961733
Transform:
  m_ObjectHideFlags: 0
  m_CorrespondingSourceObject: {fileID: 0}
  m_PrefabInstance: {fileID: 0}
  m_PrefabAsset: {fileID: 0}
  m_GameObject: {fileID: 7820677387171417840}
  m_LocalRotation: {x: 0, y: -0, z: -0, w: 1}
  m_LocalPosition: {x: 0.0075541493, y: 0.002609768, z: -0.0012148189}
  m_LocalScale: {x: 1, y: 1, z: 1}
  m_Children: []
  m_Father: {fileID: 6969724986228008170}
  m_RootOrder: 9
  m_LocalEulerAnglesHint: {x: 0, y: 0, z: 0}
--- !u!137 &5987338929261184210
SkinnedMeshRenderer:
  m_ObjectHideFlags: 0
  m_CorrespondingSourceObject: {fileID: 0}
  m_PrefabInstance: {fileID: 0}
  m_PrefabAsset: {fileID: 0}
  m_GameObject: {fileID: 7820677387171417840}
  m_Enabled: 1
  m_CastShadows: 1
  m_ReceiveShadows: 1
  m_DynamicOccludee: 1
  m_MotionVectors: 1
  m_LightProbeUsage: 1
  m_ReflectionProbeUsage: 1
  m_RayTracingMode: 0
  m_RenderingLayerMask: 1
  m_RendererPriority: 0
  m_Materials:
  - {fileID: 2100000, guid: 8b6181a39fe660e4c836e7356c4ee971, type: 2}
  m_StaticBatchInfo:
    firstSubMesh: 0
    subMeshCount: 0
  m_StaticBatchRoot: {fileID: 0}
  m_ProbeAnchor: {fileID: 0}
  m_LightProbeVolumeOverride: {fileID: 0}
  m_ScaleInLightmap: 1
  m_ReceiveGI: 1
  m_PreserveUVs: 0
  m_IgnoreNormalsForChartDetection: 0
  m_ImportantGI: 0
  m_StitchLightmapSeams: 1
  m_SelectedEditorRenderState: 3
  m_MinimumChartSize: 4
  m_AutoUVMaxDistance: 0.5
  m_AutoUVMaxAngle: 89
  m_LightmapParameters: {fileID: 0}
  m_SortingLayerID: 0
  m_SortingLayer: 0
  m_SortingOrder: 0
  serializedVersion: 2
  m_Quality: 0
  m_UpdateWhenOffscreen: 0
  m_SkinnedMotionVectors: 1
  m_Mesh: {fileID: 5083445390068755020, guid: 845502bcfa8a1b34bbb443c7b4428a87, type: 3}
  m_Bones:
  - {fileID: 232931256348397405}
  - {fileID: 739868240202015634}
  - {fileID: 1205793673507880670}
  - {fileID: 4192632636495573340}
  - {fileID: 5971862762102196722}
  - {fileID: 5561423794364465589}
  - {fileID: 7540730715110831275}
  - {fileID: 5685855293903726639}
  - {fileID: 4428552035762732602}
  m_BlendShapeWeights: []
  m_RootBone: {fileID: 232931256348397405}
  m_AABB:
    m_Center: {x: 0.113114014, y: 0.20541805, z: -0.040819295}
    m_Extent: {x: 0.06779967, y: 0.06774518, z: 0.061982594}
  m_DirtyAABB: 0
--- !u!64 &4366555188163952544
MeshCollider:
  m_ObjectHideFlags: 0
  m_CorrespondingSourceObject: {fileID: 0}
  m_PrefabInstance: {fileID: 0}
  m_PrefabAsset: {fileID: 0}
  m_GameObject: {fileID: 7820677387171417840}
  m_Material: {fileID: 0}
  m_IsTrigger: 0
  m_Enabled: 1
  serializedVersion: 4
  m_Convex: 0
  m_CookingOptions: 30
  m_Mesh: {fileID: 0}
--- !u!1 &7904191768051141526
GameObject:
  m_ObjectHideFlags: 0
  m_CorrespondingSourceObject: {fileID: 0}
  m_PrefabInstance: {fileID: 0}
  m_PrefabAsset: {fileID: 0}
  serializedVersion: 6
  m_Component:
  - component: {fileID: 8172428839262757122}
  m_Layer: 0
  m_Name: S_Aureus_Mutant_rig:joint27
  m_TagString: Untagged
  m_Icon: {fileID: 0}
  m_NavMeshLayer: 0
  m_StaticEditorFlags: 0
  m_IsActive: 1
--- !u!4 &8172428839262757122
Transform:
  m_ObjectHideFlags: 0
  m_CorrespondingSourceObject: {fileID: 0}
  m_PrefabInstance: {fileID: 0}
  m_PrefabAsset: {fileID: 0}
  m_GameObject: {fileID: 7904191768051141526}
  m_LocalRotation: {x: -3.153006e-12, y: -1.6383523e-12, z: 4.443903e-12, w: 1}
  m_LocalPosition: {x: 0.04701327, y: -0.06670543, z: 0.07315348}
  m_LocalScale: {x: 1, y: 1, z: 1}
  m_Children: []
  m_Father: {fileID: 3446614031655022314}
  m_RootOrder: 3
  m_LocalEulerAnglesHint: {x: 0, y: 0, z: 0}
--- !u!1 &8040711709339864873
GameObject:
  m_ObjectHideFlags: 0
  m_CorrespondingSourceObject: {fileID: 0}
  m_PrefabInstance: {fileID: 0}
  m_PrefabAsset: {fileID: 0}
  serializedVersion: 6
  m_Component:
  - component: {fileID: 3687766244274273598}
  - component: {fileID: 2632593753257416319}
  - component: {fileID: 4366555188163952572}
  m_Layer: 0
  m_Name: S_Aureus_Mutant_rig:polySurface69
  m_TagString: S A Mutant Pieces
  m_Icon: {fileID: 0}
  m_NavMeshLayer: 0
  m_StaticEditorFlags: 0
  m_IsActive: 1
--- !u!4 &3687766244274273598
Transform:
  m_ObjectHideFlags: 0
  m_CorrespondingSourceObject: {fileID: 0}
  m_PrefabInstance: {fileID: 0}
  m_PrefabAsset: {fileID: 0}
  m_GameObject: {fileID: 8040711709339864873}
  m_LocalRotation: {x: 0, y: -0, z: -0, w: 1}
  m_LocalPosition: {x: 0.0075541493, y: 0.002609768, z: -0.0012148189}
  m_LocalScale: {x: 1, y: 1, z: 1}
  m_Children: []
  m_Father: {fileID: 6969724986228008170}
  m_RootOrder: 13
  m_LocalEulerAnglesHint: {x: 0, y: 0, z: 0}
--- !u!137 &2632593753257416319
SkinnedMeshRenderer:
  m_ObjectHideFlags: 0
  m_CorrespondingSourceObject: {fileID: 0}
  m_PrefabInstance: {fileID: 0}
  m_PrefabAsset: {fileID: 0}
  m_GameObject: {fileID: 8040711709339864873}
  m_Enabled: 1
  m_CastShadows: 1
  m_ReceiveShadows: 1
  m_DynamicOccludee: 1
  m_MotionVectors: 1
  m_LightProbeUsage: 1
  m_ReflectionProbeUsage: 1
  m_RayTracingMode: 0
  m_RenderingLayerMask: 1
  m_RendererPriority: 0
  m_Materials:
  - {fileID: 2100000, guid: 8b6181a39fe660e4c836e7356c4ee971, type: 2}
  m_StaticBatchInfo:
    firstSubMesh: 0
    subMeshCount: 0
  m_StaticBatchRoot: {fileID: 0}
  m_ProbeAnchor: {fileID: 0}
  m_LightProbeVolumeOverride: {fileID: 0}
  m_ScaleInLightmap: 1
  m_ReceiveGI: 1
  m_PreserveUVs: 0
  m_IgnoreNormalsForChartDetection: 0
  m_ImportantGI: 0
  m_StitchLightmapSeams: 1
  m_SelectedEditorRenderState: 3
  m_MinimumChartSize: 4
  m_AutoUVMaxDistance: 0.5
  m_AutoUVMaxAngle: 89
  m_LightmapParameters: {fileID: 0}
  m_SortingLayerID: 0
  m_SortingLayer: 0
  m_SortingOrder: 0
  serializedVersion: 2
  m_Quality: 0
  m_UpdateWhenOffscreen: 0
  m_SkinnedMotionVectors: 1
  m_Mesh: {fileID: -7104364516175023062, guid: 845502bcfa8a1b34bbb443c7b4428a87, type: 3}
  m_Bones:
  - {fileID: 232931256348397405}
  - {fileID: 739868240202015634}
  - {fileID: 6843560043652330374}
  - {fileID: 3446614031655022314}
  - {fileID: 8810795299790450194}
  - {fileID: 7540730715110831275}
  - {fileID: 9154672377902238939}
  - {fileID: 3687455592132623070}
  m_BlendShapeWeights: []
  m_RootBone: {fileID: 232931256348397405}
  m_AABB:
    m_Center: {x: -0.09950036, y: 0.34614852, z: -0.017245779}
    m_Extent: {x: 0.053102728, y: 0.05245605, z: 0.05856096}
  m_DirtyAABB: 0
--- !u!64 &4366555188163952572
MeshCollider:
  m_ObjectHideFlags: 0
  m_CorrespondingSourceObject: {fileID: 0}
  m_PrefabInstance: {fileID: 0}
  m_PrefabAsset: {fileID: 0}
  m_GameObject: {fileID: 8040711709339864873}
  m_Material: {fileID: 0}
  m_IsTrigger: 0
  m_Enabled: 1
  serializedVersion: 4
  m_Convex: 0
  m_CookingOptions: 30
  m_Mesh: {fileID: 0}
--- !u!1 &8127777047789355335
GameObject:
  m_ObjectHideFlags: 0
  m_CorrespondingSourceObject: {fileID: 0}
  m_PrefabInstance: {fileID: 0}
  m_PrefabAsset: {fileID: 0}
  serializedVersion: 6
  m_Component:
  - component: {fileID: 18417981523427952}
  - component: {fileID: 6843526797126041056}
  - component: {fileID: 4366555188163952552}
  m_Layer: 0
  m_Name: S_Aureus_Mutant_rig:polySurface57
  m_TagString: S A Mutant Pieces
  m_Icon: {fileID: 0}
  m_NavMeshLayer: 0
  m_StaticEditorFlags: 0
  m_IsActive: 1
--- !u!4 &18417981523427952
Transform:
  m_ObjectHideFlags: 0
  m_CorrespondingSourceObject: {fileID: 0}
  m_PrefabInstance: {fileID: 0}
  m_PrefabAsset: {fileID: 0}
  m_GameObject: {fileID: 8127777047789355335}
  m_LocalRotation: {x: 0, y: -0, z: -0, w: 1}
  m_LocalPosition: {x: 0.0075541493, y: 0.002609768, z: -0.0012148189}
  m_LocalScale: {x: 1, y: 1, z: 1}
  m_Children: []
  m_Father: {fileID: 6969724986228008170}
  m_RootOrder: 1
  m_LocalEulerAnglesHint: {x: 0, y: 0, z: 0}
--- !u!137 &6843526797126041056
SkinnedMeshRenderer:
  m_ObjectHideFlags: 0
  m_CorrespondingSourceObject: {fileID: 0}
  m_PrefabInstance: {fileID: 0}
  m_PrefabAsset: {fileID: 0}
  m_GameObject: {fileID: 8127777047789355335}
  m_Enabled: 1
  m_CastShadows: 1
  m_ReceiveShadows: 1
  m_DynamicOccludee: 1
  m_MotionVectors: 1
  m_LightProbeUsage: 1
  m_ReflectionProbeUsage: 1
  m_RayTracingMode: 0
  m_RenderingLayerMask: 1
  m_RendererPriority: 0
  m_Materials:
  - {fileID: 2100000, guid: 8b6181a39fe660e4c836e7356c4ee971, type: 2}
  m_StaticBatchInfo:
    firstSubMesh: 0
    subMeshCount: 0
  m_StaticBatchRoot: {fileID: 0}
  m_ProbeAnchor: {fileID: 0}
  m_LightProbeVolumeOverride: {fileID: 0}
  m_ScaleInLightmap: 1
  m_ReceiveGI: 1
  m_PreserveUVs: 0
  m_IgnoreNormalsForChartDetection: 0
  m_ImportantGI: 0
  m_StitchLightmapSeams: 1
  m_SelectedEditorRenderState: 3
  m_MinimumChartSize: 4
  m_AutoUVMaxDistance: 0.5
  m_AutoUVMaxAngle: 89
  m_LightmapParameters: {fileID: 0}
  m_SortingLayerID: 0
  m_SortingLayer: 0
  m_SortingOrder: 0
  serializedVersion: 2
  m_Quality: 0
  m_UpdateWhenOffscreen: 0
  m_SkinnedMotionVectors: 1
  m_Mesh: {fileID: -2041971147430162282, guid: 845502bcfa8a1b34bbb443c7b4428a87, type: 3}
  m_Bones:
  - {fileID: 232931256348397405}
  - {fileID: 739868240202015634}
  - {fileID: 3446614031655022314}
  - {fileID: 8810795299790450194}
  - {fileID: 1205793673507880670}
  - {fileID: 4192632636495573340}
  - {fileID: 5561423794364465589}
  - {fileID: 7540730715110831275}
  - {fileID: 5685855293903726639}
  - {fileID: 9154672377902238939}
  - {fileID: 3687455592132623070}
  m_BlendShapeWeights: []
  m_RootBone: {fileID: 232931256348397405}
  m_AABB:
    m_Center: {x: 0.03873732, y: 0.34642205, z: -0.0054480657}
    m_Extent: {x: 0.10118779, y: 0.10230324, z: 0.09850557}
  m_DirtyAABB: 0
--- !u!64 &4366555188163952552
MeshCollider:
  m_ObjectHideFlags: 0
  m_CorrespondingSourceObject: {fileID: 0}
  m_PrefabInstance: {fileID: 0}
  m_PrefabAsset: {fileID: 0}
  m_GameObject: {fileID: 8127777047789355335}
  m_Material: {fileID: 0}
  m_IsTrigger: 0
  m_Enabled: 1
  serializedVersion: 4
  m_Convex: 0
  m_CookingOptions: 30
  m_Mesh: {fileID: 0}
--- !u!1 &8173607974487876310
GameObject:
  m_ObjectHideFlags: 0
  m_CorrespondingSourceObject: {fileID: 0}
  m_PrefabInstance: {fileID: 0}
  m_PrefabAsset: {fileID: 0}
  serializedVersion: 6
  m_Component:
  - component: {fileID: 6975502570604632891}
  - component: {fileID: 4807744520897837038}
  - component: {fileID: 4366555188163952550}
  m_Layer: 0
  m_Name: S_Aureus_Mutant_rig:polySurface59
  m_TagString: S A Mutant Pieces
  m_Icon: {fileID: 0}
  m_NavMeshLayer: 0
  m_StaticEditorFlags: 0
  m_IsActive: 1
--- !u!4 &6975502570604632891
Transform:
  m_ObjectHideFlags: 0
  m_CorrespondingSourceObject: {fileID: 0}
  m_PrefabInstance: {fileID: 0}
  m_PrefabAsset: {fileID: 0}
  m_GameObject: {fileID: 8173607974487876310}
  m_LocalRotation: {x: 0, y: -0, z: -0, w: 1}
  m_LocalPosition: {x: 0.0075541493, y: 0.002609768, z: -0.0012148189}
  m_LocalScale: {x: 1, y: 1, z: 1}
  m_Children: []
  m_Father: {fileID: 6969724986228008170}
  m_RootOrder: 3
  m_LocalEulerAnglesHint: {x: 0, y: 0, z: 0}
--- !u!137 &4807744520897837038
SkinnedMeshRenderer:
  m_ObjectHideFlags: 0
  m_CorrespondingSourceObject: {fileID: 0}
  m_PrefabInstance: {fileID: 0}
  m_PrefabAsset: {fileID: 0}
  m_GameObject: {fileID: 8173607974487876310}
  m_Enabled: 1
  m_CastShadows: 1
  m_ReceiveShadows: 1
  m_DynamicOccludee: 1
  m_MotionVectors: 1
  m_LightProbeUsage: 1
  m_ReflectionProbeUsage: 1
  m_RayTracingMode: 0
  m_RenderingLayerMask: 1
  m_RendererPriority: 0
  m_Materials:
  - {fileID: 2100000, guid: 8b6181a39fe660e4c836e7356c4ee971, type: 2}
  m_StaticBatchInfo:
    firstSubMesh: 0
    subMeshCount: 0
  m_StaticBatchRoot: {fileID: 0}
  m_ProbeAnchor: {fileID: 0}
  m_LightProbeVolumeOverride: {fileID: 0}
  m_ScaleInLightmap: 1
  m_ReceiveGI: 1
  m_PreserveUVs: 0
  m_IgnoreNormalsForChartDetection: 0
  m_ImportantGI: 0
  m_StitchLightmapSeams: 1
  m_SelectedEditorRenderState: 3
  m_MinimumChartSize: 4
  m_AutoUVMaxDistance: 0.5
  m_AutoUVMaxAngle: 89
  m_LightmapParameters: {fileID: 0}
  m_SortingLayerID: 0
  m_SortingLayer: 0
  m_SortingOrder: 0
  serializedVersion: 2
  m_Quality: 0
  m_UpdateWhenOffscreen: 0
  m_SkinnedMotionVectors: 1
  m_Mesh: {fileID: -8425227959522515148, guid: 845502bcfa8a1b34bbb443c7b4428a87, type: 3}
  m_Bones:
  - {fileID: 232931256348397405}
  - {fileID: 2573414498799873246}
  - {fileID: 4088584766192395688}
  - {fileID: 5399409981608718076}
  - {fileID: 4094901959344819417}
  - {fileID: 8936785771997962779}
  - {fileID: 6984715009941567874}
  - {fileID: 4811564216109623136}
  - {fileID: 3430514459083352153}
  - {fileID: 2971946792071692731}
  m_BlendShapeWeights: []
  m_RootBone: {fileID: 232931256348397405}
  m_AABB:
    m_Center: {x: -0.038342856, y: -0.2339203, z: 0.027128924}
    m_Extent: {x: 0.102254845, y: 0.098097056, z: 0.09963174}
  m_DirtyAABB: 0
--- !u!64 &4366555188163952550
MeshCollider:
  m_ObjectHideFlags: 0
  m_CorrespondingSourceObject: {fileID: 0}
  m_PrefabInstance: {fileID: 0}
  m_PrefabAsset: {fileID: 0}
  m_GameObject: {fileID: 8173607974487876310}
  m_Material: {fileID: 0}
  m_IsTrigger: 0
  m_Enabled: 1
  serializedVersion: 4
  m_Convex: 0
  m_CookingOptions: 30
  m_Mesh: {fileID: 0}
--- !u!1 &8402889255265818230
GameObject:
  m_ObjectHideFlags: 0
  m_CorrespondingSourceObject: {fileID: 0}
  m_PrefabInstance: {fileID: 0}
  m_PrefabAsset: {fileID: 0}
  serializedVersion: 6
  m_Component:
  - component: {fileID: 805616042153682643}
  - component: {fileID: 6921269049465136758}
  - component: {fileID: 4366555188163952567}
  m_Layer: 0
  m_Name: S_Aureus_Mutant_rig:polySurface74
  m_TagString: S A Mutant Pieces
  m_Icon: {fileID: 0}
  m_NavMeshLayer: 0
  m_StaticEditorFlags: 0
  m_IsActive: 1
--- !u!4 &805616042153682643
Transform:
  m_ObjectHideFlags: 0
  m_CorrespondingSourceObject: {fileID: 0}
  m_PrefabInstance: {fileID: 0}
  m_PrefabAsset: {fileID: 0}
  m_GameObject: {fileID: 8402889255265818230}
  m_LocalRotation: {x: 0, y: -0, z: -0, w: 1}
  m_LocalPosition: {x: 0.0075541493, y: 0.002609768, z: -0.0012148189}
  m_LocalScale: {x: 1, y: 1, z: 1}
  m_Children: []
  m_Father: {fileID: 6969724986228008170}
  m_RootOrder: 18
  m_LocalEulerAnglesHint: {x: 0, y: 0, z: 0}
--- !u!137 &6921269049465136758
SkinnedMeshRenderer:
  m_ObjectHideFlags: 0
  m_CorrespondingSourceObject: {fileID: 0}
  m_PrefabInstance: {fileID: 0}
  m_PrefabAsset: {fileID: 0}
  m_GameObject: {fileID: 8402889255265818230}
  m_Enabled: 1
  m_CastShadows: 1
  m_ReceiveShadows: 1
  m_DynamicOccludee: 1
  m_MotionVectors: 1
  m_LightProbeUsage: 1
  m_ReflectionProbeUsage: 1
  m_RayTracingMode: 0
  m_RenderingLayerMask: 1
  m_RendererPriority: 0
  m_Materials:
  - {fileID: 2100000, guid: 8b6181a39fe660e4c836e7356c4ee971, type: 2}
  m_StaticBatchInfo:
    firstSubMesh: 0
    subMeshCount: 0
  m_StaticBatchRoot: {fileID: 0}
  m_ProbeAnchor: {fileID: 0}
  m_LightProbeVolumeOverride: {fileID: 0}
  m_ScaleInLightmap: 1
  m_ReceiveGI: 1
  m_PreserveUVs: 0
  m_IgnoreNormalsForChartDetection: 0
  m_ImportantGI: 0
  m_StitchLightmapSeams: 1
  m_SelectedEditorRenderState: 3
  m_MinimumChartSize: 4
  m_AutoUVMaxDistance: 0.5
  m_AutoUVMaxAngle: 89
  m_LightmapParameters: {fileID: 0}
  m_SortingLayerID: 0
  m_SortingLayer: 0
  m_SortingOrder: 0
  serializedVersion: 2
  m_Quality: 0
  m_UpdateWhenOffscreen: 0
  m_SkinnedMotionVectors: 1
  m_Mesh: {fileID: -1467377048990840729, guid: 845502bcfa8a1b34bbb443c7b4428a87, type: 3}
  m_Bones:
  - {fileID: 232931256348397405}
  - {fileID: 1205793673507880670}
  - {fileID: 2573414498799873246}
  - {fileID: 4088584766192395688}
  - {fileID: 5399409981608718076}
  - {fileID: 4094901959344819417}
  - {fileID: 6984715009941567874}
  - {fileID: 4811564216109623136}
  - {fileID: 3430514459083352153}
  - {fileID: 2971946792071692731}
  m_BlendShapeWeights: []
  m_RootBone: {fileID: 232931256348397405}
  m_AABB:
    m_Center: {x: 0.0705325, y: -0.14069895, z: -0.022424608}
    m_Extent: {x: 0.05496861, y: 0.05784163, z: 0.05783189}
  m_DirtyAABB: 0
--- !u!64 &4366555188163952567
MeshCollider:
  m_ObjectHideFlags: 0
  m_CorrespondingSourceObject: {fileID: 0}
  m_PrefabInstance: {fileID: 0}
  m_PrefabAsset: {fileID: 0}
  m_GameObject: {fileID: 8402889255265818230}
  m_Material: {fileID: 0}
  m_IsTrigger: 0
  m_Enabled: 1
  serializedVersion: 4
  m_Convex: 0
  m_CookingOptions: 30
  m_Mesh: {fileID: 0}
--- !u!1 &8413536758450348854
GameObject:
  m_ObjectHideFlags: 0
  m_CorrespondingSourceObject: {fileID: 0}
  m_PrefabInstance: {fileID: 0}
  m_PrefabAsset: {fileID: 0}
  serializedVersion: 6
  m_Component:
  - component: {fileID: 2971946792071692731}
  m_Layer: 0
  m_Name: S_Aureus_Mutant_rig:joint17
  m_TagString: Untagged
  m_Icon: {fileID: 0}
  m_NavMeshLayer: 0
  m_StaticEditorFlags: 0
  m_IsActive: 1
--- !u!4 &2971946792071692731
Transform:
  m_ObjectHideFlags: 0
  m_CorrespondingSourceObject: {fileID: 0}
  m_PrefabInstance: {fileID: 0}
  m_PrefabAsset: {fileID: 0}
  m_GameObject: {fileID: 8413536758450348854}
  m_LocalRotation: {x: 8.135103e-11, y: -8.0957796e-11, z: -2.0955395e-11, w: 1}
  m_LocalPosition: {x: 0.040133953, y: -0.090853356, z: 0.059799436}
  m_LocalScale: {x: 1, y: 1, z: 1}
  m_Children: []
  m_Father: {fileID: 232931256348397405}
  m_RootOrder: 15
  m_LocalEulerAnglesHint: {x: 0, y: 0, z: 0}
--- !u!1 &8452599752074433106
GameObject:
  m_ObjectHideFlags: 0
  m_CorrespondingSourceObject: {fileID: 0}
  m_PrefabInstance: {fileID: 0}
  m_PrefabAsset: {fileID: 0}
  serializedVersion: 6
  m_Component:
  - component: {fileID: 3040186236515795330}
  m_Layer: 0
  m_Name: S_Aureus_Mutant_rig:joint20
  m_TagString: Untagged
  m_Icon: {fileID: 0}
  m_NavMeshLayer: 0
  m_StaticEditorFlags: 0
  m_IsActive: 1
--- !u!4 &3040186236515795330
Transform:
  m_ObjectHideFlags: 0
  m_CorrespondingSourceObject: {fileID: 0}
  m_PrefabInstance: {fileID: 0}
  m_PrefabAsset: {fileID: 0}
  m_GameObject: {fileID: 8452599752074433106}
  m_LocalRotation: {x: -3.5601983e-11, y: -5.637141e-11, z: 4.1186603e-12, w: 1}
  m_LocalPosition: {x: -0.010295579, y: -0.11246458, z: -0.14180647}
  m_LocalScale: {x: 1, y: 1, z: 1}
  m_Children: []
  m_Father: {fileID: 739868240202015634}
  m_RootOrder: 0
  m_LocalEulerAnglesHint: {x: 0, y: 0, z: 0}
--- !u!1 &8623680891404428673
GameObject:
  m_ObjectHideFlags: 0
  m_CorrespondingSourceObject: {fileID: 0}
  m_PrefabInstance: {fileID: 0}
  m_PrefabAsset: {fileID: 0}
  serializedVersion: 6
  m_Component:
  - component: {fileID: 4088584766192395688}
  m_Layer: 0
  m_Name: S_Aureus_Mutant_rig:joint35
  m_TagString: Untagged
  m_Icon: {fileID: 0}
  m_NavMeshLayer: 0
  m_StaticEditorFlags: 0
  m_IsActive: 1
--- !u!4 &4088584766192395688
Transform:
  m_ObjectHideFlags: 0
  m_CorrespondingSourceObject: {fileID: 0}
  m_PrefabInstance: {fileID: 0}
  m_PrefabAsset: {fileID: 0}
  m_GameObject: {fileID: 8623680891404428673}
  m_LocalRotation: {x: 8.953325e-11, y: -1.564367e-11, z: -4.7905764e-12, w: 1}
  m_LocalPosition: {x: 0.09148637, y: -0.08225436, z: -0.009829768}
  m_LocalScale: {x: 1, y: 1, z: 1}
  m_Children: []
  m_Father: {fileID: 2573414498799873246}
  m_RootOrder: 3
  m_LocalEulerAnglesHint: {x: 0, y: 0, z: 0}
--- !u!1 &8865250532800624676
GameObject:
  m_ObjectHideFlags: 0
  m_CorrespondingSourceObject: {fileID: 0}
  m_PrefabInstance: {fileID: 0}
  m_PrefabAsset: {fileID: 0}
  serializedVersion: 6
  m_Component:
  - component: {fileID: 5971862762102196722}
  m_Layer: 0
  m_Name: S_Aureus_Mutant_rig:joint28
  m_TagString: Untagged
  m_Icon: {fileID: 0}
  m_NavMeshLayer: 0
  m_StaticEditorFlags: 0
  m_IsActive: 1
--- !u!4 &5971862762102196722
Transform:
  m_ObjectHideFlags: 0
  m_CorrespondingSourceObject: {fileID: 0}
  m_PrefabInstance: {fileID: 0}
  m_PrefabAsset: {fileID: 0}
  m_GameObject: {fileID: 8865250532800624676}
  m_LocalRotation: {x: -6.1892054e-12, y: 3.8621597e-12, z: 1.3343359e-12, w: 1}
  m_LocalPosition: {x: 0.10712859, y: 0.0038997617, z: -0.05567175}
  m_LocalScale: {x: 1, y: 1, z: 1}
  m_Children: []
  m_Father: {fileID: 1205793673507880670}
  m_RootOrder: 0
  m_LocalEulerAnglesHint: {x: 0, y: 0, z: 0}
--- !u!1 &8885707750459485460
GameObject:
  m_ObjectHideFlags: 0
  m_CorrespondingSourceObject: {fileID: 0}
  m_PrefabInstance: {fileID: 0}
  m_PrefabAsset: {fileID: 0}
  serializedVersion: 6
  m_Component:
  - component: {fileID: 5316062318250215848}
  - component: {fileID: 7573267961851352534}
  - component: {fileID: 4366555188163952573}
  m_Layer: 0
  m_Name: S_Aureus_Mutant_rig:polySurface68
  m_TagString: S A Mutant Pieces
  m_Icon: {fileID: 0}
  m_NavMeshLayer: 0
  m_StaticEditorFlags: 0
  m_IsActive: 1
--- !u!4 &5316062318250215848
Transform:
  m_ObjectHideFlags: 0
  m_CorrespondingSourceObject: {fileID: 0}
  m_PrefabInstance: {fileID: 0}
  m_PrefabAsset: {fileID: 0}
  m_GameObject: {fileID: 8885707750459485460}
  m_LocalRotation: {x: 0, y: -0, z: -0, w: 1}
  m_LocalPosition: {x: 0.0075541493, y: 0.002609768, z: -0.0012148189}
  m_LocalScale: {x: 1, y: 1, z: 1}
  m_Children: []
  m_Father: {fileID: 6969724986228008170}
  m_RootOrder: 12
  m_LocalEulerAnglesHint: {x: 0, y: 0, z: 0}
--- !u!137 &7573267961851352534
SkinnedMeshRenderer:
  m_ObjectHideFlags: 0
  m_CorrespondingSourceObject: {fileID: 0}
  m_PrefabInstance: {fileID: 0}
  m_PrefabAsset: {fileID: 0}
  m_GameObject: {fileID: 8885707750459485460}
  m_Enabled: 1
  m_CastShadows: 1
  m_ReceiveShadows: 1
  m_DynamicOccludee: 1
  m_MotionVectors: 1
  m_LightProbeUsage: 1
  m_ReflectionProbeUsage: 1
  m_RayTracingMode: 0
  m_RenderingLayerMask: 1
  m_RendererPriority: 0
  m_Materials:
  - {fileID: 2100000, guid: 8b6181a39fe660e4c836e7356c4ee971, type: 2}
  m_StaticBatchInfo:
    firstSubMesh: 0
    subMeshCount: 0
  m_StaticBatchRoot: {fileID: 0}
  m_ProbeAnchor: {fileID: 0}
  m_LightProbeVolumeOverride: {fileID: 0}
  m_ScaleInLightmap: 1
  m_ReceiveGI: 1
  m_PreserveUVs: 0
  m_IgnoreNormalsForChartDetection: 0
  m_ImportantGI: 0
  m_StitchLightmapSeams: 1
  m_SelectedEditorRenderState: 3
  m_MinimumChartSize: 4
  m_AutoUVMaxDistance: 0.5
  m_AutoUVMaxAngle: 89
  m_LightmapParameters: {fileID: 0}
  m_SortingLayerID: 0
  m_SortingLayer: 0
  m_SortingOrder: 0
  serializedVersion: 2
  m_Quality: 0
  m_UpdateWhenOffscreen: 0
  m_SkinnedMotionVectors: 1
  m_Mesh: {fileID: 2860194082061456153, guid: 845502bcfa8a1b34bbb443c7b4428a87, type: 3}
  m_Bones:
  - {fileID: 232931256348397405}
  - {fileID: 3446614031655022314}
  - {fileID: 8172428839262757122}
  - {fileID: 621786610699958411}
  - {fileID: 5561423794364465589}
  - {fileID: 8936785771997962779}
  - {fileID: 866394186929050583}
  - {fileID: 6984715009941567874}
  - {fileID: 2971946792071692731}
  - {fileID: 759553887594252538}
  m_BlendShapeWeights: []
  m_RootBone: {fileID: 232931256348397405}
  m_AABB:
    m_Center: {x: -0.012426497, y: 0.11154346, z: 0.12529571}
    m_Extent: {x: 0.0720693, y: 0.063758954, z: 0.06262715}
  m_DirtyAABB: 0
--- !u!64 &4366555188163952573
MeshCollider:
  m_ObjectHideFlags: 0
  m_CorrespondingSourceObject: {fileID: 0}
  m_PrefabInstance: {fileID: 0}
  m_PrefabAsset: {fileID: 0}
  m_GameObject: {fileID: 8885707750459485460}
  m_Material: {fileID: 0}
  m_IsTrigger: 0
  m_Enabled: 1
  serializedVersion: 4
  m_Convex: 0
  m_CookingOptions: 30
  m_Mesh: {fileID: 0}
--- !u!1 &9052455020420875053
GameObject:
  m_ObjectHideFlags: 0
  m_CorrespondingSourceObject: {fileID: 0}
  m_PrefabInstance: {fileID: 0}
  m_PrefabAsset: {fileID: 0}
  serializedVersion: 6
  m_Component:
  - component: {fileID: 3687455592132623070}
  m_Layer: 0
  m_Name: S_Aureus_Mutant_rig:joint15
  m_TagString: Untagged
  m_Icon: {fileID: 0}
  m_NavMeshLayer: 0
  m_StaticEditorFlags: 0
  m_IsActive: 1
--- !u!4 &3687455592132623070
Transform:
  m_ObjectHideFlags: 0
  m_CorrespondingSourceObject: {fileID: 0}
  m_PrefabInstance: {fileID: 0}
  m_PrefabAsset: {fileID: 0}
  m_GameObject: {fileID: 9052455020420875053}
  m_LocalRotation: {x: -8.5421156e-11, y: 8.476498e-12, z: 1.4117314e-11, w: 1}
  m_LocalPosition: {x: -0.11485965, y: 0.3429766, z: -0.030639483}
  m_LocalScale: {x: 1, y: 1, z: 1}
  m_Children: []
  m_Father: {fileID: 232931256348397405}
  m_RootOrder: 13
  m_LocalEulerAnglesHint: {x: 0, y: 0, z: 0}
--- !u!1 &9169013300404236577
GameObject:
  m_ObjectHideFlags: 0
  m_CorrespondingSourceObject: {fileID: 0}
  m_PrefabInstance: {fileID: 0}
  m_PrefabAsset: {fileID: 0}
  serializedVersion: 6
  m_Component:
  - component: {fileID: 1696494624715742742}
  - component: {fileID: 1061146395649589686}
  - component: {fileID: 4366555188163952570}
  m_Layer: 0
  m_Name: S_Aureus_Mutant_rig:polySurface71
  m_TagString: S A Mutant Pieces
  m_Icon: {fileID: 0}
  m_NavMeshLayer: 0
  m_StaticEditorFlags: 0
  m_IsActive: 1
--- !u!4 &1696494624715742742
Transform:
  m_ObjectHideFlags: 0
  m_CorrespondingSourceObject: {fileID: 0}
  m_PrefabInstance: {fileID: 0}
  m_PrefabAsset: {fileID: 0}
  m_GameObject: {fileID: 9169013300404236577}
  m_LocalRotation: {x: 0, y: -0, z: -0, w: 1}
  m_LocalPosition: {x: 0.0075541493, y: 0.002609768, z: -0.0012148189}
  m_LocalScale: {x: 1, y: 1, z: 1}
  m_Children: []
  m_Father: {fileID: 6969724986228008170}
  m_RootOrder: 15
  m_LocalEulerAnglesHint: {x: 0, y: 0, z: 0}
--- !u!137 &1061146395649589686
SkinnedMeshRenderer:
  m_ObjectHideFlags: 0
  m_CorrespondingSourceObject: {fileID: 0}
  m_PrefabInstance: {fileID: 0}
  m_PrefabAsset: {fileID: 0}
  m_GameObject: {fileID: 9169013300404236577}
  m_Enabled: 1
  m_CastShadows: 1
  m_ReceiveShadows: 1
  m_DynamicOccludee: 1
  m_MotionVectors: 1
  m_LightProbeUsage: 1
  m_ReflectionProbeUsage: 1
  m_RayTracingMode: 0
  m_RenderingLayerMask: 1
  m_RendererPriority: 0
  m_Materials:
  - {fileID: 2100000, guid: 8b6181a39fe660e4c836e7356c4ee971, type: 2}
  m_StaticBatchInfo:
    firstSubMesh: 0
    subMeshCount: 0
  m_StaticBatchRoot: {fileID: 0}
  m_ProbeAnchor: {fileID: 0}
  m_LightProbeVolumeOverride: {fileID: 0}
  m_ScaleInLightmap: 1
  m_ReceiveGI: 1
  m_PreserveUVs: 0
  m_IgnoreNormalsForChartDetection: 0
  m_ImportantGI: 0
  m_StitchLightmapSeams: 1
  m_SelectedEditorRenderState: 3
  m_MinimumChartSize: 4
  m_AutoUVMaxDistance: 0.5
  m_AutoUVMaxAngle: 89
  m_LightmapParameters: {fileID: 0}
  m_SortingLayerID: 0
  m_SortingLayer: 0
  m_SortingOrder: 0
  serializedVersion: 2
  m_Quality: 0
  m_UpdateWhenOffscreen: 0
  m_SkinnedMotionVectors: 1
  m_Mesh: {fileID: -8966382601904659698, guid: 845502bcfa8a1b34bbb443c7b4428a87, type: 3}
  m_Bones:
  - {fileID: 232931256348397405}
  - {fileID: 739868240202015634}
  - {fileID: 1205793673507880670}
  - {fileID: 4192632636495573340}
  - {fileID: 5971862762102196722}
  - {fileID: 1244357317753518357}
  - {fileID: 6112842262282333575}
  - {fileID: 2573414498799873246}
  - {fileID: 4088584766192395688}
  - {fileID: 4141823880128400578}
  - {fileID: 5561423794364465589}
  - {fileID: 866394186929050583}
  - {fileID: 6984715009941567874}
  - {fileID: 4811564216109623136}
  - {fileID: 5685855293903726639}
  - {fileID: 3430514459083352153}
  - {fileID: 2971946792071692731}
  - {fileID: 759553887594252538}
  - {fileID: 4428552035762732602}
  m_BlendShapeWeights: []
  m_RootBone: {fileID: 232931256348397405}
  m_AABB:
    m_Center: {x: 0.13019557, y: 0.048735995, z: -0.07835617}
    m_Extent: {x: 0.13505815, y: 0.14211725, z: 0.14209321}
  m_DirtyAABB: 0
--- !u!64 &4366555188163952570
MeshCollider:
  m_ObjectHideFlags: 0
  m_CorrespondingSourceObject: {fileID: 0}
  m_PrefabInstance: {fileID: 0}
  m_PrefabAsset: {fileID: 0}
  m_GameObject: {fileID: 9169013300404236577}
  m_Material: {fileID: 0}
  m_IsTrigger: 0
  m_Enabled: 1
  serializedVersion: 4
  m_Convex: 0
  m_CookingOptions: 30
  m_Mesh: {fileID: 0}
